<?xml version="1.0" encoding="UTF-8"?>
<!DOCTYPE html PUBLIC "-//W3C//DTD XHTML 1.0 Transitional//EN"
    "http://www.w3.org/TR/xhtml1/DTD/xhtml1-transitional.dtd">
<html xmlns="http://www.w3.org/1999/xhtml" xml:lang="en" lang="en">
 <head>
  <title>
</title>
<meta http-equiv="Content-Type" content="text/html;charset=utf-8" />
  <meta name='ocr-system' content='tesseract 3.04.00' />
  <meta name='ocr-capabilities' content='ocr_page ocr_carea ocr_par ocr_line ocrx_word'/>
</head>
<body>
  <div class='ocr_page' id='page_1' title='image "./ioannisalbertif02heumgoog_0235.png"; bbox 0 0 4700 5842; ppageno 0'>
   <div class='ocr_carea' id='block_1_1' title="bbox 131 309 2170 486">
    <p class='ocr_par' dir='ltr' id='par_1_1' title="bbox 131 309 2170 486">
     <span class='ocr_line' id='line_1_1' title="bbox 131 309 2170 486; baseline 0.022 -75"><span class='ocrx_word' id='word_1_1' title='bbox 131 353 187 396; x_wconf 81' lang='lat'><strong>-‚</strong></span> <span class='ocrx_word' id='word_1_2' title='bbox 325 377 328 383; x_wconf 94' lang='lat'>·</span> <span class='ocrx_word' id='word_1_3' title='bbox 491 309 838 440; x_wconf 72' lang='lat' dir='ltr'><strong>nnnofflrms</strong></span> <span class='ocrx_word' id='word_1_4' title='bbox 865 359 1045 438; x_wconf 74' lang='lat' dir='ltr'><strong>cruam.</strong></span> <span class='ocrx_word' id='word_1_5' title='bbox 1067 323 1330 440; x_wconf 64' lang='lat' dir='ltr'><strong>nnumin.</strong></span> <span class='ocrx_word' id='word_1_6' title='bbox 1386 347 1525 486; x_wconf 56' lang='lat' dir='ltr'><strong>atris.</strong></span> <span class='ocrx_word' id='word_1_7' title='bbox 1537 361 1809 451; x_wconf 65' lang='lat' dir='ltr'><strong>emetur.</strong></span> <span class='ocrx_word' id='word_1_8' title='bbox 1857 383 1917 457; x_wconf 53' lang='grc' dir='ltr'><strong>,η</strong></span> <span class='ocrx_word' id='word_1_9' title='bbox 2118 377 2170 432; x_wconf 82' lang='lat'><strong>-·</strong></span> 
     </span>
    </p>
   </div>
   <div class='ocr_carea' id='block_1_2' title="bbox 88 512 2060 1138">
    <p class='ocr_par' dir='ltr' id='par_1_2' title="bbox 88 512 2060 1138">
     <span class='ocr_line' id='line_1_2' title="bbox 88 512 2014 664; baseline 0.003 -40"><span class='ocrx_word' id='word_1_10' title='bbox 88 547 94 554; x_wconf 83' lang='grc'><strong><em>’</em></strong></span> <span class='ocrx_word' id='word_1_11' title='bbox 193 555 230 626; x_wconf 87' lang='lat' dir='ltr'><strong>in</strong></span> <span class='ocrx_word' id='word_1_12' title='bbox 241 551 318 626; x_wconf 82' lang='lat' dir='ltr'><strong>hoe·</strong></span> <span class='ocrx_word' id='word_1_13' title='bbox 331 553 431 624; x_wconf 84' lang='lat' dir='ltr'><strong>rnIeo</strong></span> <span class='ocrx_word' id='word_1_14' title='bbox 451 543 531 664; x_wconf 80' lang='lat' dir='ltr'><strong>eod.</strong></span> <span class='ocrx_word' id='word_1_15' title='bbox 543 547 769 648; x_wconf 74' lang='lat' dir='ltr'><strong>Piilrgitluu&#39;</strong></span> <span class='ocrx_word' id='word_1_16' title='bbox 778 549 982 647; x_wconf 77' lang='lat' dir='ltr'><strong>philosopho</strong></span> <span class='ocrx_word' id='word_1_17' title='bbox 997 569 1229 652; x_wconf 80' lang='lat' dir='ltr'><strong>nuncupator,</strong></span> <span class='ocrx_word' id='word_1_18' title='bbox 1263 563 1339 627; x_wconf 88' lang='lat' dir='ltr'><strong>tum</strong></span> <span class='ocrx_word' id='word_1_19' title='bbox 1357 567 1495 652; x_wconf 86' lang='lat' dir='ltr'><strong>propter</strong></span> <span class='ocrx_word' id='word_1_20' title='bbox 1506 553 1676 664; x_wconf 71' lang='lat' dir='ltr'><strong>⁷maiorem</strong></span> <span class='ocrx_word' id='word_1_21' title='bbox 1696 549 1914 638; x_wconf 82' lang='lat' dir='ltr'><strong>homiliarum</strong></span> <span class='ocrx_word' id='word_1_22' title='bbox 2010 512 2014 516; x_wconf 18' lang='grc' dir='ltr'>ι</span> 
     </span>
     <span class='ocr_line' id='line_1_3' title="bbox 193 651 2060 756; baseline 0.001 -28"><span class='ocrx_word' id='word_1_23' title='bbox 193 675 392 738; x_wconf 88' lang='lat' dir='ltr'><strong>numerum,</strong></span> <span class='ocrx_word' id='word_1_24' title='bbox 431 667 560 753; x_wconf 44' lang='lat' dir='ltr'><strong>wquarm·</strong></span> <span class='ocrx_word' id='word_1_25' title='bbox 614 655 681 724; x_wconf 87' lang='lat' dir='ltr'><strong>iin</strong></span> <span class='ocrx_word' id='word_1_26' title='bbox 704 651 778 727; x_wconf 76' lang='lat' dir='ltr'><strong>ullo</strong></span> <span class='ocrx_word' id='word_1_27' title='bbox 798 653 866 727; x_wconf 88' lang='lat' dir='ltr'><strong>alio</strong></span> <span class='ocrx_word' id='word_1_28' title='bbox 893 652 973 740; x_wconf 78' lang='lat' dir='ltr'><strong>cod·</strong></span> <span class='ocrx_word' id='word_1_29' title='bbox 997 659 1168 756; x_wconf 79' lang='lat' dir='ltr'><strong>reperitur·</strong></span> <span class='ocrx_word' id='word_1_30' title='bbox 1218 655 1381 728; x_wconf 75' lang='lat' dir='ltr'>Continet</span> <span class='ocrx_word' id='word_1_31' title='bbox 1403 653 1678 746; x_wconf 63' lang='lat' dir='ltr'><strong>euirnihorniliar</strong></span> <span class='ocrx_word' id='word_1_32' title='bbox 1692 651 1913 755; x_wconf 85' lang='lat' dir='ltr'><strong>&#39;lheophanit</strong></span> <span class='ocrx_word' id='word_1_33' title='bbox 1999 659 2004 672; x_wconf 87' lang='lat'><em>&#39;</em></span> <span class='ocrx_word' id='word_1_34' title='bbox 2054 671 2060 680; x_wconf 85' lang='lat'>&#39;</span> 
     </span>
     <span class='ocr_line' id='line_1_4' title="bbox 192 750 1910 870; baseline 0.001 -40"><span class='ocrx_word' id='word_1_35' title='bbox 192 759 372 830; x_wconf 77' lang='lat' dir='ltr'>LXXVIII.</span> <span class='ocrx_word' id='word_1_36' title='bbox 395 771 428 828; x_wconf 88' lang='lat' dir='ltr'><strong>et</strong></span> <span class='ocrx_word' id='word_1_37' title='bbox 450 755 548 828; x_wconf 81' lang='lat' dir='ltr'><strong>habet</strong></span> <span class='ocrx_word' id='word_1_38' title='bbox 590 750 833 870; x_wconf 83' lang='lat' dir='ltr'><strong>undetriginta,</strong></span> <span class='ocrx_word' id='word_1_39' title='bbox 863 783 948 858; x_wconf 85' lang='lat' dir='ltr'><strong>quae</strong></span> <span class='ocrx_word' id='word_1_40' title='bbox 967 783 1077 860; x_wconf 90' lang='lat' dir='ltr'><strong>neque</strong></span> <span class='ocrx_word' id='word_1_41' title='bbox 1099 764 1135 832; x_wconf 90' lang='lat' dir='ltr'><strong>in</strong></span> <span class='ocrx_word' id='word_1_42' title='bbox 1150 751 1258 833; x_wconf 84' lang='lat' dir='ltr'><strong>Seorsi</strong></span> <span class='ocrx_word' id='word_1_43' title='bbox 1279 753 1449 845; x_wconf 86' lang='lat' dir='ltr'><strong>editione,</strong></span> <span class='ocrx_word' id='word_1_44' title='bbox 1473 781 1583 857; x_wconf 87' lang='lat' dir='ltr'><strong>neque</strong></span> <span class='ocrx_word' id='word_1_45' title='bbox 1603 761 1692 833; x_wconf 90' lang='lat' dir='ltr'><strong>inter</strong></span> <span class='ocrx_word' id='word_1_46' title='bbox 1707 755 1778 831; x_wconf 80' lang='lat' dir='ltr'><strong>illae</strong></span> <span class='ocrx_word' id='word_1_47' title='bbox 1793 781 1910 834; x_wconf 85' lang='lat' dir='ltr'><strong>oecur-</strong></span> 
     </span>
     <span class='ocr_line' id='line_1_5' title="bbox 191 854 2054 984; baseline -0.004 -47"><span class='ocrx_word' id='word_1_48' title='bbox 191 877 290 978; x_wconf 77' lang='lat' dir='ltr'><strong>aunt,</strong></span> <span class='ocrx_word' id='word_1_49' title='bbox 314 877 395 960; x_wconf 81' lang='lat' dir='ltr'><strong>quat</strong></span> <span class='ocrx_word' id='word_1_50' title='bbox 410 861 478 931; x_wconf 84' lang='lat' dir='ltr'><strong>Leo</strong></span> <span class='ocrx_word' id='word_1_51' title='bbox 493 856 629 932; x_wconf 83' lang='lat' dir='ltr'><strong>hilarius</strong></span> <span class='ocrx_word' id='word_1_52' title='bbox 647 863 682 978; x_wconf 78' lang='lat' dir='ltr'><strong>in</strong></span> <span class='ocrx_word' id='word_1_53' title='bbox 705 857 843 934; x_wconf 88' lang='lat' dir='ltr'><strong>diatribe</strong></span> <span class='ocrx_word' id='word_1_54' title='bbox 859 859 901 934; x_wconf 88' lang='lat' dir='ltr'><strong>de</strong></span> <span class='ocrx_word' id='word_1_55' title='bbox 919 861 1072 984; x_wconf 78' lang='lat' dir='ltr'><strong>Georgiia</strong></span> <span class='ocrx_word' id='word_1_56' title='bbox 1094 883 1263 983; x_wconf 76' lang='lat' dir='ltr'><strong>tamqnam</strong></span> <span class='ocrx_word' id='word_1_57' title='bbox 1282 856 1418 934; x_wconf 78' lang='lat' dir='ltr'><strong>ineditae</strong></span> <span class='ocrx_word' id='word_1_58' title='bbox 1438 854 1549 983; x_wconf 62' lang='lat' dir='ltr'><strong>refert</strong></span> <span class='ocrx_word' id='word_1_59' title='bbox 1608 863 1825 981; x_wconf 78' lang='lat' dir='ltr'><strong>Qapropter</strong></span> <span class='ocrx_word' id='word_1_60' title='bbox 1845 863 1910 939; x_wconf 80' lang='lat' dir='ltr'><strong>In‘·</strong></span> <span class='ocrx_word' id='word_1_61' title='bbox 2046 917 2054 930; x_wconf 93' lang='lat'><strong>.</strong></span> 
     </span>
     <span class='ocr_line' id='line_1_6' title="bbox 190 957 1958 1138; baseline -0.001 -102"><span class='ocrx_word' id='word_1_62' title='bbox 190 975 261 1036; x_wconf 78' lang='lat' dir='ltr'><strong>arte</strong></span> <span class='ocrx_word' id='word_1_63' title='bbox 272 988 308 1038; x_wconf 78' lang='lat' dir='ltr'><strong>in</strong></span> <span class='ocrx_word' id='word_1_64' title='bbox 322 981 383 1041; x_wconf 83' lang='lat' dir='ltr'><strong>cat.</strong></span> <span class='ocrx_word' id='word_1_65' title='bbox 400 957 500 1036; x_wconf 87' lang='lat' dir='ltr'><strong>codd.</strong></span> <span class='ocrx_word' id='word_1_66' title='bbox 514 986 564 1060; x_wconf 82' lang='lat' dir='ltr'><strong>gr.</strong></span> <span class='ocrx_word' id='word_1_67' title='bbox 578 961 707 1034; x_wconf 86' lang='lat' dir='ltr'><strong>Marnr.</strong></span> <span class='ocrx_word' id='word_1_68' title='bbox 723 987 757 1060; x_wconf 92' lang='lat' dir='ltr'><strong>p.</strong></span> <span class='ocrx_word' id='word_1_69' title='bbox 773 982 897 1053; x_wconf 80' lang='lat'><strong>55-70.</strong></span> <span class='ocrx_word' id='word_1_70' title='bbox 917 959 1054 1063; x_wconf 77' lang='lat' dir='ltr'><strong>copiose</strong></span> <span class='ocrx_word' id='word_1_71' title='bbox 1067 986 1137 1040; x_wconf 86' lang='lat' dir='ltr'><strong>non</strong></span> <span class='ocrx_word' id='word_1_72' title='bbox 1151 989 1283 1046; x_wconf 77' lang='lat' dir='ltr'><strong>minua,</strong></span> <span class='ocrx_word' id='word_1_73' title='bbox 1291 989 1411 1138; x_wconf 74' lang='lat' dir='ltr'><strong>flquarn</strong></span> <span class='ocrx_word' id='word_1_74' title='bbox 1424 960 1604 1064; x_wconf 70' lang='lat' dir='ltr'><strong>diligenter</strong></span> <span class='ocrx_word' id='word_1_75' title='bbox 1617 958 1798 1056; x_wconf 78' lang='lat' dir='ltr'><strong>recensuit,</strong></span> <span class='ocrx_word' id='word_1_76' title='bbox 1820 967 1910 1040; x_wconf 85' lang='lat' dir='ltr'><strong>elea</strong></span> <span class='ocrx_word' id='word_1_77' title='bbox 1952 1026 1958 1032; x_wconf 85' lang='lat'><strong>.</strong></span> 
     </span>
    </p>
   </div>
   <div class='ocr_carea' id='block_1_3' title="bbox 191 1059 1911 1170">
    <p class='ocr_par' dir='ltr' id='par_1_3' title="bbox 191 1059 1911 1170">
     <span class='ocr_line' id='line_1_7' title="bbox 191 1059 1911 1170; baseline -0.001 -29"><span class='ocrx_word' id='word_1_78' title='bbox 191 1061 269 1140; x_wconf 87' lang='lat' dir='ltr'><strong>eod.</strong></span> <span class='ocrx_word' id='word_1_79' title='bbox 284 1059 345 1138; x_wconf 88' lang='lat' dir='ltr'><strong>sno</strong></span> <span class='ocrx_word' id='word_1_80' title='bbox 358 1061 564 1164; x_wconf 71' lang='lat' dir='ltr'><strong>singularum</strong></span> <span class='ocrx_word' id='word_1_81' title='bbox 576 1063 813 1149; x_wconf 86' lang='lat' dir='ltr'><strong>homiliarum,</strong></span> <span class='ocrx_word' id='word_1_82' title='bbox 839 1091 981 1167; x_wconf 75' lang='lat' dir='ltr'><strong>querum</strong></span> <span class='ocrx_word' id='word_1_83' title='bbox 1003 1091 1139 1170; x_wconf 89' lang='lat' dir='ltr'><strong>quoque</strong></span> <span class='ocrx_word' id='word_1_84' title='bbox 1153 1064 1243 1140; x_wconf 91' lang='lat' dir='ltr'><strong>ordo</strong></span> <span class='ocrx_word' id='word_1_85' title='bbox 1257 1062 1290 1138; x_wconf 92' lang='lat' dir='ltr'><strong>di</strong></span> <span class='ocrx_word' id='word_1_86' title='bbox 1318 1083 1368 1138; x_wconf 91' lang='lat' dir='ltr'><strong>ert</strong></span> <span class='ocrx_word' id='word_1_87' title='bbox 1382 1067 1423 1139; x_wconf 86' lang='lat' dir='ltr'><strong>ab</strong></span> <span class='ocrx_word' id='word_1_88' title='bbox 1447 1063 1564 1150; x_wconf 84' lang='lat' dir='ltr'><strong>editia,</strong></span> <span class='ocrx_word' id='word_1_89' title='bbox 1594 1063 1844 1166; x_wconf 70' lang='lat' dir='ltr'><strong>inscriptiones,</strong></span> <span class='ocrx_word' id='word_1_90' title='bbox 1870 1071 1911 1140; x_wconf 92' lang='lat' dir='ltr'><strong>iia</strong></span> 
     </span>
    </p>
   </div>
   <div class='ocr_carea' id='block_1_4' title="bbox 190 1155 2074 1272">
    <p class='ocr_par' dir='ltr' id='par_1_4' title="bbox 190 1155 2074 1272">
     <span class='ocr_line' id='line_1_8' title="bbox 190 1155 2074 1272; baseline 0.002 -32"><span class='ocrx_word' id='word_1_91' title='bbox 190 1190 273 1270; x_wconf 83' lang='lat' dir='ltr'><strong>quar</strong></span> <span class='ocrx_word' id='word_1_92' title='bbox 287 1160 420 1240; x_wconf 83' lang='lat' dir='ltr'><strong>Seorsuc</strong></span> <span class='ocrx_word' id='word_1_93' title='bbox 436 1161 559 1258; x_wconf 80' lang='lat' dir='ltr'><strong>edidit,</strong></span> <span class='ocrx_word' id='word_1_94' title='bbox 589 1155 756 1242; x_wconf 77' lang='lat' dir='ltr'><strong>uberiores</strong></span> <span class='ocrx_word' id='word_1_95' title='bbox 778 1166 976 1271; x_wconf 71' lang='lat' dir='ltr'>plexumque</span> <span class='ocrx_word' id='word_1_96' title='bbox 1001 1191 1040 1242; x_wconf 88' lang='lat' dir='ltr'><strong>ac</strong></span> <span class='ocrx_word' id='word_1_97' title='bbox 1057 1167 1295 1270; x_wconf 86' lang='lat' dir='ltr'><strong>locupletiorea</strong></span> <span class='ocrx_word' id='word_1_98' title='bbox 1308 1165 1472 1255; x_wconf 89' lang='lat' dir='ltr'><strong>reddidit,</strong></span> <span class='ocrx_word' id='word_1_99' title='bbox 1498 1166 1936 1272; x_wconf 86' lang='lat' dir='ltr'><strong>variaaquememcrabilea·</strong></span> <span class='ocrx_word' id='word_1_100' title='bbox 2069 1207 2074 1212; x_wconf 91' lang='lat'><strong>·</strong></span> 
     </span>
    </p>
   </div>
   <div class='ocr_carea' id='block_1_5' title="bbox 118 1263 1948 1704">
    <p class='ocr_par' dir='ltr' id='par_1_5' title="bbox 118 1263 1948 1704">
     <span class='ocr_line' id='line_1_9' title="bbox 189 1263 1910 1380; baseline 0.003 -39"><span class='ocrx_word' id='word_1_101' title='bbox 189 1265 362 1380; x_wconf 62' lang='lat' dir='ltr'><strong>hincinde</strong></span> <span class='ocrx_word' id='word_1_102' title='bbox 376 1263 532 1370; x_wconf 72' lang='lat' dir='ltr'><strong>adspersit</strong></span> <span class='ocrx_word' id='word_1_103' title='bbox 552 1264 872 1356; x_wconf 73' lang='lat' dir='ltr'><strong>animaduersiones,</strong></span> <span class='ocrx_word' id='word_1_104' title='bbox 904 1276 941 1348; x_wconf 85' lang='lat' dir='ltr'><strong>in</strong></span> <span class='ocrx_word' id='word_1_105' title='bbox 962 1272 1079 1372; x_wconf 81' lang='lat' dir='ltr'><strong>quibua</strong></span> <span class='ocrx_word' id='word_1_106' title='bbox 1100 1277 1200 1346; x_wconf 84' lang='lat' dir='ltr'><strong>etiam</strong></span> <span class='ocrx_word' id='word_1_107' title='bbox 1221 1265 1331 1345; x_wconf 80' lang='lat' dir='ltr'><strong>Seorfi</strong></span> <span class='ocrx_word' id='word_1_108' title='bbox 1347 1271 1449 1346; x_wconf 88' lang='lat' dir='ltr'><strong>editio</strong></span> <span class='ocrx_word' id='word_1_109' title='bbox 1468 1267 1578 1346; x_wconf 84' lang='lat' dir='ltr'><strong>modo</strong></span> <span class='ocrx_word' id='word_1_110' title='bbox 1600 1272 1783 1372; x_wconf 78' lang='lat' dir='ltr'><strong>explicatur</strong></span> <span class='ocrx_word' id='word_1_111' title='bbox 1810 1273 1910 1373; x_wconf 71' lang='lat' dir='ltr'><strong>atqie</strong></span> 
     </span>
     <span class='ocr_line' id='line_1_10' title="bbox 118 1368 1948 1474; baseline 0.005 -29"><span class='ocrx_word' id='word_1_112' title='bbox 118 1379 125 1394; x_wconf 66' lang='lat'>⁸</span> <span class='ocrx_word' id='word_1_113' title='bbox 189 1369 404 1460; x_wconf 82' lang='lat' dir='ltr'><strong>emendatur,</strong></span> <span class='ocrx_word' id='word_1_114' title='bbox 429 1369 536 1446; x_wconf 91' lang='lat' dir='ltr'><strong>modo</strong></span> <span class='ocrx_word' id='word_1_115' title='bbox 549 1371 727 1472; x_wconf 85' lang='lat' dir='ltr'><strong>suppletur.</strong></span> <span class='ocrx_word' id='word_1_116' title='bbox 750 1429 755 1436; x_wconf 83' lang='lat'><strong>.</strong></span> <span class='ocrx_word' id='word_1_117' title='bbox 777 1373 913 1450; x_wconf 73' lang='lat' dir='ltr'><strong>Titulus</strong></span> <span class='ocrx_word' id='word_1_118' title='bbox 933 1393 1041 1448; x_wconf 88' lang='lat' dir='ltr'><strong>autem</strong></span> <span class='ocrx_word' id='word_1_119' title='bbox 1057 1373 1121 1448; x_wconf 83' lang='lat' dir='ltr'><strong>cll:</strong></span> <span class='ocrx_word' id='word_1_120' title='bbox 1153 1369 1293 1474; x_wconf 59' lang='lat' dir='ltr'><strong>arianicae</strong></span> <span class='ocrx_word' id='word_1_121' title='bbox 1313 1368 1523 1473; x_wconf 69' lang='grc' dir='ltr'><strong>Φιλαγοὶθε</strong></span> <span class='ocrx_word' id='word_1_122' title='bbox 1536 1375 1585 1456; x_wconf 67' lang='lat' dir='ltr'><strong>ri</strong></span> <span class='ocrx_word' id='word_1_123' title='bbox 1604 1368 1806 1474; x_wconf 72' lang='grc' dir='ltr'><strong>φιλοσὸφε,</strong></span> <span class='ocrx_word' id='word_1_124' title='bbox 1829 1399 1909 1470; x_wconf 65' lang='lat' dir='ltr'><strong>oper</strong></span> <span class='ocrx_word' id='word_1_125' title='bbox 1937 1389 1948 1404; x_wconf 74' lang='grc'><em>“</em></span> 
     </span>
     <span class='ocr_line' id='line_1_11' title="bbox 188 1474 1910 1578; baseline 0.001 -28"><span class='ocrx_word' id='word_1_126' title='bbox 188 1475 381 1574; x_wconf 69' lang='lat' dir='ltr'><strong>Phrugum·</strong></span> <span class='ocrx_word' id='word_1_127' title='bbox 396 1474 596 1570; x_wconf 74' lang='lat' dir='ltr'><strong>plilqsoplri,</strong></span> <span class='ocrx_word' id='word_1_128' title='bbox 628 1497 697 1572; x_wconf 91' lang='lat' dir='ltr'><strong>quo</strong></span> <span class='ocrx_word' id='word_1_129' title='bbox 720 1484 858 1560; x_wconf 90' lang='lat' dir='ltr'><strong>nomine</strong></span> <span class='ocrx_word' id='word_1_130' title='bbox 881 1479 1148 1576; x_wconf 72' lang='lat' dir='ltr'><strong>Theophanem,</strong></span> <span class='ocrx_word' id='word_1_131' title='bbox 1179 1476 1262 1552; x_wconf 88' lang='lat' dir='ltr'><strong>dum</strong></span> <span class='ocrx_word' id='word_1_132' title='bbox 1283 1483 1384 1552; x_wconf 83' lang='lat' dir='ltr'><strong>vitam</strong></span> <span class='ocrx_word' id='word_1_133' title='bbox 1408 1475 1626 1561; x_wconf 78' lang='lat' dir='ltr'><strong>monasticam</strong></span> <span class='ocrx_word' id='word_1_134' title='bbox 1652 1497 1781 1578; x_wconf 77' lang='lat' dir='ltr'><strong>ageret,</strong></span> <span class='ocrx_word' id='word_1_135' title='bbox 1812 1476 1910 1554; x_wconf 80' lang='lat' dir='ltr'><strong>vium</strong></span> 
     </span>
     <span class='ocr_line' id='line_1_12' title="bbox 189 1571 1933 1704; baseline 0.003 -54"><span class='ocrx_word' id='word_1_136' title='bbox 189 1571 303 1663; x_wconf 80' lang='lat' dir='ltr'><strong>fuisse,</strong></span> <span class='ocrx_word' id='word_1_137' title='bbox 329 1601 370 1652; x_wconf 83' lang='lat' dir='ltr'><strong>ex</strong></span> <span class='ocrx_word' id='word_1_138' title='bbox 385 1573 620 1677; x_wconf 86' lang='lat' dir='ltr'><strong>subscriptione</strong></span> <span class='ocrx_word' id='word_1_139' title='bbox 633 1577 792 1654; x_wconf 89' lang='lat' dir='ltr'><strong>homiliae</strong></span> <span class='ocrx_word' id='word_1_140' title='bbox 815 1576 958 1654; x_wconf 89' lang='lat' dir='ltr'><strong>ineditae</strong></span> <span class='ocrx_word' id='word_1_141' title='bbox 970 1577 1137 1656; x_wconf 82' lang='lat' dir='ltr'>LXXVII.</span> <span class='ocrx_word' id='word_1_142' title='bbox 1150 1579 1311 1674; x_wconf 75' lang='lat' dir='ltr'><strong>subiedia,</strong></span> <span class='ocrx_word' id='word_1_143' title='bbox 1335 1584 1392 1704; x_wconf 56' lang='lat' dir='ltr'><strong>gp.</strong></span> <span class='ocrx_word' id='word_1_144' title='bbox 1407 1585 1525 1671; x_wconf 63' lang='lat' dir='ltr'><strong>batur.</strong></span> <span class='ocrx_word' id='word_1_145' title='bbox 1539 1579 1642 1674; x_wconf 78' lang='lat'><strong>204.)</strong></span> <span class='ocrx_word' id='word_1_146' title='bbox 1668 1579 1933 1657; x_wconf 66' lang='lat' dir='ltr'><strong>dooetIrianu,</strong></span> 
     </span>
    </p>
   </div>
   <div class='ocr_carea' id='block_1_6' title="bbox 186 1647 2166 1810">
    <p class='ocr_par' dir='ltr' id='par_1_6' title="bbox 186 1647 2166 1810">
     <span class='ocr_line' id='line_1_13' title="bbox 186 1647 2166 1810; baseline 0.004 -54"><span class='ocrx_word' id='word_1_147' title='bbox 186 1678 352 1756; x_wconf 87' lang='lat' dir='ltr'><strong>Illaenim</strong></span> <span class='ocrx_word' id='word_1_148' title='bbox 367 1679 507 1754; x_wconf 86' lang='lat' dir='ltr'><strong>homilia</strong></span> <span class='ocrx_word' id='word_1_149' title='bbox 521 1672 751 1810; x_wconf 62' lang='lat' dir='ltr'><strong>inscripta&#39;esl:</strong></span> <span class='ocrx_word' id='word_1_150' title='bbox 771 1677 985 1774; x_wconf 63' lang='lat' dir='ltr'><strong>thdbe</strong></span> <span class='ocrx_word' id='word_1_151' title='bbox 1002 1677 1141 1780; x_wconf 57' lang='lat' dir='ltr'><strong>aalma</strong></span> <span class='ocrx_word' id='word_1_152' title='bbox 1155 1684 1206 1764; x_wconf 62' lang='lat' dir='ltr'><strong>nii</strong></span> <span class='ocrx_word' id='word_1_153' title='bbox 1220 1696 1423 1782; x_wconf 64' lang='grc' dir='ltr'><strong><em>φιλοσοφε,</em></strong></span> <span class='ocrx_word' id='word_1_154' title='bbox 1447 1687 1532 1756; x_wconf 85' lang='lat' dir='ltr'><strong>etin</strong></span> <span class='ocrx_word' id='word_1_155' title='bbox 1546 1682 1771 1784; x_wconf 75' lang='lat' dir='ltr'><strong>linelegitur:</strong></span> <span class='ocrx_word' id='word_1_156' title='bbox 1792 1678 1909 1766; x_wconf 60' lang='lat' dir='ltr'><strong>‘ooa</strong></span> <span class='ocrx_word' id='word_1_157' title='bbox 2163 1647 2166 1657; x_wconf 30' lang='grc' dir='ltr'>Ι</span> 
     </span>
    </p>
   </div>
   <div class='ocr_carea' id='block_1_7' title="bbox 185 1775 1959 1990">
    <p class='ocr_par' dir='ltr' id='par_1_7' title="bbox 185 1775 1959 1990">
     <span class='ocr_line' id='line_1_14' title="bbox 185 1775 1959 1958; baseline 0 -94"><span class='ocrx_word' id='word_1_158' title='bbox 185 1775 365 1906; x_wconf 55' lang='grc' dir='ltr'><strong>λάγαθςξ</strong></span> <span class='ocrx_word' id='word_1_159' title='bbox 380 1776 740 1958; x_wconf 46' lang='lat' dir='ltr'><strong>circumformaretur</strong></span> <span class='ocrx_word' id='word_1_160' title='bbox 752 1785 799 1866; x_wconf 81' lang='lat' dir='ltr'><strong>eie</strong></span> <span class='ocrx_word' id='word_1_161' title='bbox 814 1779 957 1888; x_wconf 66' lang='grc' dir='ltr'><strong>ἀνάξιος</strong></span> <span class='ocrx_word' id='word_1_162' title='bbox 970 1787 1095 1866; x_wconf 72' lang='grc' dir='ltr'><strong>ταῦτα</strong></span> <span class='ocrx_word' id='word_1_163' title='bbox 1109 1787 1218 1868; x_wconf 73' lang='grc' dir='ltr'><strong>λαλεῖ</strong></span> <span class='ocrx_word' id='word_1_164' title='bbox 1233 1817 1295 1906; x_wconf 62' lang='lat' dir='ltr'><strong>aeq</strong></span> <span class='ocrx_word' id='word_1_165' title='bbox 1306 1783 1452 1889; x_wconf 53' lang='grc' dir='ltr'><strong>γράφη</strong></span> <span class='ocrx_word' id='word_1_166' title='bbox 1504 1782 1634 1860; x_wconf 79' lang='lat' dir='ltr'><strong>bouilla</strong></span> <span class='ocrx_word' id='word_1_167' title='bbox 1647 1805 1758 1860; x_wconf 84' lang='lat' dir='ltr'><strong>autem</strong></span> <span class='ocrx_word' id='word_1_168' title='bbox 1775 1786 1907 1886; x_wconf 88' lang='lat' dir='ltr'><strong>quibua·</strong></span> <span class='ocrx_word' id='word_1_169' title='bbox 1952 1857 1959 1864; x_wconf 86' lang='lat'><strong>.</strong></span> 
     </span>
     <span class='ocr_line' id='line_1_15' title="bbox 188 1881 1907 1990; baseline 0.003 -32"><span class='ocrx_word' id='word_1_170' title='bbox 188 1881 266 1959; x_wconf 88' lang='lat' dir='ltr'><strong>dam</strong></span> <span class='ocrx_word' id='word_1_171' title='bbox 280 1881 388 1966; x_wconf 80' lang='lat' dir='ltr'><strong>solue,</strong></span> <span class='ocrx_word' id='word_1_172' title='bbox 414 1904 503 1959; x_wconf 86' lang='lat' dir='ltr'><strong>totae</strong></span> <span class='ocrx_word' id='word_1_173' title='bbox 540 1885 673 1961; x_wconf 71' lang='lat' dir='ltr'><strong>ederunt</strong></span> <span class='ocrx_word' id='word_1_174' title='bbox 686 1885 932 1974; x_wconf 82' lang='lat' dir='ltr'><strong>homiliaesex,</strong></span> <span class='ocrx_word' id='word_1_175' title='bbox 964 1913 1042 1988; x_wconf 86' lang='lat' dir='ltr'><strong>quae</strong></span> <span class='ocrx_word' id='word_1_176' title='bbox 1063 1885 1245 1964; x_wconf 88' lang='lat' dir='ltr'><strong>seeundum</strong></span> <span class='ocrx_word' id='word_1_177' title='bbox 1266 1889 1410 1962; x_wconf 76' lang='lat' dir='ltr'><strong>indicem</strong></span> <span class='ocrx_word' id='word_1_178' title='bbox 1457 1888 1618 1962; x_wconf 79' lang='lat' dir='ltr'><strong>raefixnm</strong></span> <span class='ocrx_word' id='word_1_179' title='bbox 1631 1883 1792 1990; x_wconf 78' lang='lat' dir='ltr'><strong>consequi</strong></span> <span class='ocrx_word' id='word_1_180' title='bbox 1804 1911 1907 1989; x_wconf 88' lang='lat' dir='ltr'><strong>opor·</strong></span> 
     </span>
    </p>
   </div>
   <div class='ocr_carea' id='block_1_8' title="bbox 37 1961 2211 2094">
    <p class='ocr_par' dir='ltr' id='par_1_8' title="bbox 37 1961 2211 2094">
     <span class='ocr_line' id='line_1_16' title="bbox 37 1961 2211 2094; baseline 0.005 -35"><span class='ocrx_word' id='word_1_181' title='bbox 37 2069 39 2073; x_wconf 41' lang='lat'><strong>.</strong></span> <span class='ocrx_word' id='word_1_182' title='bbox 188 1987 293 2073; x_wconf 81' lang='lat' dir='ltr'><strong>tebet,</strong></span> <span class='ocrx_word' id='word_1_183' title='bbox 324 2015 409 2092; x_wconf 86' lang='lat' dir='ltr'><strong>quae</strong></span> <span class='ocrx_word' id='word_1_184' title='bbox 421 2012 502 2062; x_wconf 79' lang='lat' dir='ltr'><strong>aeto</strong></span> <span class='ocrx_word' id='word_1_185' title='bbox 514 1985 620 2062; x_wconf 88' lang='lat' dir='ltr'><strong>editae</strong></span> <span class='ocrx_word' id='word_1_186' title='bbox 635 1987 719 2064; x_wconf 84' lang='lat' dir='ltr'><strong>sunt.</strong></span> <span class='ocrx_word' id='word_1_187' title='bbox 770 1989 834 2063; x_wconf 90' lang='lat' dir='ltr'><strong>Sed</strong></span> <span class='ocrx_word' id='word_1_188' title='bbox 855 1995 954 2066; x_wconf 82' lang='lat' dir='ltr'><strong>nimia</strong></span> <span class='ocrx_word' id='word_1_189' title='bbox 975 1993 1161 2066; x_wconf 82' lang='lat' dir='ltr'><strong>aberrarem</strong></span> <span class='ocrx_word' id='word_1_190' title='bbox 1182 1993 1304 2065; x_wconf 74' lang='lat' dir='ltr'><strong>aredla</strong></span> <span class='ocrx_word' id='word_1_191' title='bbox 1319 1996 1390 2076; x_wconf 84' lang='lat' dir='ltr'><strong>ria,</strong></span> <span class='ocrx_word' id='word_1_192' title='bbox 1463 1985 1905 2090; x_wconf 77' lang='lat' dir='ltr'><strong>onmia,qnae&#39;ab1riana</strong></span> <span class='ocrx_word' id='word_1_193' title='bbox 1965 2035 1993 2094; x_wconf 57' lang='lat' dir='ltr'><strong>q</strong></span> <span class='ocrx_word' id='word_1_194' title='bbox 2115 1961 2133 1983; x_wconf 10' lang='grc' dir='ltr'><em>Ἀ</em></span> <span class='ocrx_word' id='word_1_195' title='bbox 2206 2066 2211 2077; x_wconf 81' lang='grc'>,</span> 
     </span>
    </p>
   </div>
   <div class='ocr_carea' id='block_1_9' title="bbox 138 2085 1995 2402">
    <p class='ocr_par' dir='ltr' id='par_1_9' title="bbox 138 2085 1995 2402">
     <span class='ocr_line' id='line_1_17' title="bbox 185 2085 1905 2195; baseline 0.002 -31"><span class='ocrx_word' id='word_1_196' title='bbox 185 2089 342 2166; x_wconf 83' lang='lat' dir='ltr'><strong>adnotata</strong></span> <span class='ocrx_word' id='word_1_197' title='bbox 358 2111 389 2166; x_wconf 93' lang='lat' dir='ltr'><strong>et</strong></span> <span class='ocrx_word' id='word_1_198' title='bbox 404 2111 593 2195; x_wconf 79' lang='lat' dir='ltr'><strong>memoratu</strong></span> <span class='ocrx_word' id='word_1_199' title='bbox 607 2088 707 2190; x_wconf 78' lang='lat' dir='ltr'><strong>digna</strong></span> <span class='ocrx_word' id='word_1_200' title='bbox 730 2089 939 2180; x_wconf 86' lang='lat' dir='ltr'><strong>viderentur,</strong></span> <span class='ocrx_word' id='word_1_201' title='bbox 971 2085 1194 2192; x_wconf 82' lang='lat' dir='ltr'><strong>excerperem·</strong></span> <span class='ocrx_word' id='word_1_202' title='bbox 1243 2099 1349 2170; x_wconf 86' lang='lat' dir='ltr'><strong>Pauca</strong></span> <span class='ocrx_word' id='word_1_203' title='bbox 1368 2113 1480 2166; x_wconf 81' lang='lat' dir='ltr'><strong>tamen</strong></span> <span class='ocrx_word' id='word_1_204' title='bbox 1497 2090 1608 2168; x_wconf 88' lang='lat' dir='ltr'><strong>adbuc</strong></span> <span class='ocrx_word' id='word_1_205' title='bbox 1623 2091 1786 2168; x_wconf 77' lang='lat' dir='ltr'><strong>adnotare</strong></span> <span class='ocrx_word' id='word_1_206' title='bbox 1805 2095 1905 2168; x_wconf 75' lang='lat' dir='ltr'><strong>iuuat.</strong></span> 
     </span>
     <span class='ocr_line' id='line_1_18' title="bbox 186 2189 1905 2301; baseline 0.001 -33"><span class='ocrx_word' id='word_1_207' title='bbox 186 2197 264 2294; x_wconf 84' lang='lat' dir='ltr'><strong>Pag.</strong></span> <span class='ocrx_word' id='word_1_208' title='bbox 280 2199 330 2287; x_wconf 83' lang='lat'><strong>65.</strong></span> <span class='ocrx_word' id='word_1_209' title='bbox 346 2189 392 2296; x_wconf 88' lang='lat' dir='ltr'><strong>sq.</strong></span> <span class='ocrx_word' id='word_1_210' title='bbox 406 2189 565 2280; x_wconf 78' lang='lat' dir='ltr'><strong>recensuit</strong></span> <span class='ocrx_word' id='word_1_211' title='bbox 582 2195 659 2268; x_wconf 82' lang='lat' dir='ltr'><strong>cod·</strong></span> <span class='ocrx_word' id='word_1_212' title='bbox 676 2193 944 2292; x_wconf 80' lang='lat' dir='ltr'><strong>Escorialcnsem;</strong></span> <span class='ocrx_word' id='word_1_213' title='bbox 970 2223 1003 2298; x_wconf 88' lang='lat' dir='ltr'><strong>p.</strong></span> <span class='ocrx_word' id='word_1_214' title='bbox 1020 2201 1074 2286; x_wconf 74' lang='lat'><strong>67.</strong></span> <span class='ocrx_word' id='word_1_215' title='bbox 1088 2193 1224 2274; x_wconf 82' lang='lat' dir='ltr'><strong>subiecit</strong></span> <span class='ocrx_word' id='word_1_216' title='bbox 1235 2197 1457 2294; x_wconf 83' lang='lat' dir='ltr'><strong>Theophania</strong></span> <span class='ocrx_word' id='word_1_217' title='bbox 1472 2195 1691 2301; x_wconf 76' lang='lat' dir='ltr'><strong>homiliarum</strong></span> <span class='ocrx_word' id='word_1_218' title='bbox 1701 2194 1905 2296; x_wconf 72' lang='lat' dir='ltr'><strong>catalogum,</strong></span> 
     </span>
     <span class='ocr_line' id='line_1_19' title="bbox 138 2293 1995 2402; baseline 0.001 -30"><span class='ocrx_word' id='word_1_219' title='bbox 138 2321 145 2332; x_wconf 91' lang='lat'>·</span> <span class='ocrx_word' id='word_1_220' title='bbox 185 2299 421 2399; x_wconf 84' lang='lat' dir='ltr'><strong>peralphaheti</strong></span> <span class='ocrx_word' id='word_1_221' title='bbox 443 2293 598 2372; x_wconf 87' lang='lat' dir='ltr'><strong>ordinem</strong></span> <span class='ocrx_word' id='word_1_222' title='bbox 622 2295 806 2398; x_wconf 83' lang='lat' dir='ltr'><strong>digestum,</strong></span> <span class='ocrx_word' id='word_1_223' title='bbox 838 2299 960 2402; x_wconf 82' lang='lat' dir='ltr'><strong>rbique</strong></span> <span class='ocrx_word' id='word_1_224' title='bbox 979 2295 1089 2373; x_wconf 87' lang='lat' dir='ltr'><strong>addita</strong></span> <span class='ocrx_word' id='word_1_225' title='bbox 1110 2319 1213 2388; x_wconf 87' lang='lat' dir='ltr'><strong>nota,</strong></span> <span class='ocrx_word' id='word_1_226' title='bbox 1240 2325 1306 2402; x_wconf 85' lang='lat' dir='ltr'><strong>qua</strong></span> <span class='ocrx_word' id='word_1_227' title='bbox 1323 2297 1516 2381; x_wconf 88' lang='lat' dir='ltr'><strong>denotatur,</strong></span> <span class='ocrx_word' id='word_1_228' title='bbox 1542 2323 1627 2398; x_wconf 89' lang='lat' dir='ltr'><strong>qnae</strong></span> <span class='ocrx_word' id='word_1_229' title='bbox 1641 2297 1783 2372; x_wconf 87' lang='lat' dir='ltr'><strong>homilia</strong></span> <span class='ocrx_word' id='word_1_230' title='bbox 1797 2298 1905 2373; x_wconf 83' lang='lat' dir='ltr'><strong>velita</strong></span> <span class='ocrx_word' id='word_1_231' title='bbox 1990 2367 1995 2374; x_wconf 86' lang='lat'><strong>.</strong></span> 
     </span>
    </p>
   </div>
   <div class='ocr_carea' id='block_1_10' title="bbox 185 2385 2111 2608">
    <p class='ocr_par' dir='ltr' id='par_1_10' title="bbox 185 2385 2111 2608">
     <span class='ocr_line' id='line_1_20' title="bbox 186 2385 2111 2502; baseline -0.001 -26"><span class='ocrx_word' id='word_1_232' title='bbox 186 2401 294 2478; x_wconf 87' lang='lat' dir='ltr'><strong>Scorsr</strong></span> <span class='ocrx_word' id='word_1_233' title='bbox 308 2397 478 2486; x_wconf 86' lang='lat' dir='ltr'><strong>editione,</strong></span> <span class='ocrx_word' id='word_1_234' title='bbox 495 2397 546 2473; x_wconf 83' lang='lat' dir='ltr'><strong>rel</strong></span> <span class='ocrx_word' id='word_1_235' title='bbox 561 2405 594 2475; x_wconf 93' lang='lat' dir='ltr'><strong>in</strong></span> <span class='ocrx_word' id='word_1_236' title='bbox 609 2397 708 2476; x_wconf 86' lang='lat' dir='ltr'><strong>codd.</strong></span> <span class='ocrx_word' id='word_1_237' title='bbox 722 2400 907 2478; x_wconf 85' lang='lat' dir='ltr'><strong>Matritenfi</strong></span> <span class='ocrx_word' id='word_1_238' title='bbox 920 2421 1017 2502; x_wconf 86' lang='lat' dir='ltr'><strong>atque</strong></span> <span class='ocrx_word' id='word_1_239' title='bbox 1031 2398 1248 2478; x_wconf 73' lang='lat' dir='ltr'><strong>Escuriilenli</strong></span> <span class='ocrx_word' id='word_1_240' title='bbox 1263 2399 1383 2488; x_wconf 83' lang='lat' dir='ltr'><strong>exilat,</strong></span> <span class='ocrx_word' id='word_1_241' title='bbox 1397 2395 1450 2485; x_wconf 72' lang='lat' dir='ltr'><strong>rel</strong></span> <span class='ocrx_word' id='word_1_242' title='bbox 1463 2402 1506 2473; x_wconf 84' lang='lat' dir='ltr'><strong>ab</strong></span> <span class='ocrx_word' id='word_1_243' title='bbox 1523 2399 1647 2475; x_wconf 81' lang='lat' dir='ltr'><strong>Allatio</strong></span> <span class='ocrx_word' id='word_1_244' title='bbox 1661 2398 1727 2476; x_wconf 84' lang='lat' dir='ltr'><strong>risa</strong></span> <span class='ocrx_word' id='word_1_245' title='bbox 1738 2400 1796 2474; x_wconf 89' lang='lat' dir='ltr'><strong>eil.</strong></span> <span class='ocrx_word' id='word_1_246' title='bbox 1821 2399 1904 2478; x_wconf 85' lang='lat' dir='ltr'><strong>Cul-</strong></span> <span class='ocrx_word' id='word_1_247' title='bbox 1954 2389 1963 2402; x_wconf 59' lang='lat'><strong>⁹</strong></span> <span class='ocrx_word' id='word_1_248' title='bbox 2037 2464 2041 2469; x_wconf 89' lang='lat'><strong>.</strong></span> <span class='ocrx_word' id='word_1_249' title='bbox 2073 2385 2077 2392; x_wconf 41' lang='lat'><strong><em>¹</em></strong></span> <span class='ocrx_word' id='word_1_250' title='bbox 2107 2467 2111 2474; x_wconf 85' lang='lat'><strong>.</strong></span> 
     </span>
     <span class='ocr_line' id='line_1_21' title="bbox 185 2500 2045 2608; baseline -0.002 -31"><span class='ocrx_word' id='word_1_251' title='bbox 185 2525 243 2608; x_wconf 87' lang='lat' dir='ltr'><strong>pat</strong></span> <span class='ocrx_word' id='word_1_252' title='bbox 258 2509 356 2579; x_wconf 82' lang='lat' dir='ltr'><strong>etiarn</strong></span> <span class='ocrx_word' id='word_1_253' title='bbox 379 2531 454 2606; x_wconf 85' lang='lat' dir='ltr'><strong>pag.</strong></span> <span class='ocrx_word' id='word_1_254' title='bbox 471 2507 527 2594; x_wconf 87' lang='lat'><strong>69.</strong></span> <span class='ocrx_word' id='word_1_255' title='bbox 553 2504 736 2577; x_wconf 81' lang='lat' dir='ltr'><strong>Fabricium</strong></span> <span class='ocrx_word' id='word_1_256' title='bbox 756 2504 907 2578; x_wconf 85' lang='lat' dir='ltr'><strong>nostrum</strong></span> <span class='ocrx_word' id='word_1_257' title='bbox 930 2500 1229 2591; x_wconf 85' lang='lat' dir='ltr'><strong>etMontsaucon,</strong></span> <span class='ocrx_word' id='word_1_258' title='bbox 1245 2509 1375 2606; x_wconf 82' lang='lat' dir='ltr'><strong>quiin</strong></span> <span class='ocrx_word' id='word_1_259' title='bbox 1388 2507 1505 2578; x_wconf 85' lang='lat' dir='ltr'><strong>Diario</strong></span> <span class='ocrx_word' id='word_1_260' title='bbox 1527 2501 1638 2579; x_wconf 80' lang='lat' dir='ltr'><strong>italico</strong></span> <span class='ocrx_word' id='word_1_261' title='bbox 1660 2501 1730 2578; x_wconf 82' lang='lat' dir='ltr'><strong>dno</strong></span> <span class='ocrx_word' id='word_1_262' title='bbox 1750 2501 1904 2580; x_wconf 71' lang='lat' dir='ltr'><strong>eiusdem</strong></span> <span class='ocrx_word' id='word_1_263' title='bbox 2041 2570 2045 2574; x_wconf 86' lang='lat'><strong>.</strong></span> 
     </span>
    </p>
   </div>
   <div class='ocr_carea' id='block_1_11' title="bbox 184 2597 1918 3424">
    <p class='ocr_par' dir='ltr' id='par_1_11' title="bbox 184 2597 1918 3424">
     <span class='ocr_line' id='line_1_22' title="bbox 186 2597 1905 2709; baseline -0.003 -26"><span class='ocrx_word' id='word_1_264' title='bbox 186 2609 408 2709; x_wconf 74' lang='lat' dir='ltr'><strong>Theophanis</strong></span> <span class='ocrx_word' id='word_1_265' title='bbox 421 2607 633 2682; x_wconf 80' lang='lat' dir='ltr'><strong>homiliarum</strong></span> <span class='ocrx_word' id='word_1_266' title='bbox 648 2608 747 2680; x_wconf 86' lang='lat' dir='ltr'><strong>MSS.</strong></span> <span class='ocrx_word' id='word_1_267' title='bbox 760 2605 867 2682; x_wconf 76' lang='lat' dir='ltr'><strong>codd.</strong></span> <span class='ocrx_word' id='word_1_268' title='bbox 875 2609 1032 2704; x_wconf 79' lang='lat' dir='ltr'><strong>Neapoli,</strong></span> <span class='ocrx_word' id='word_1_269' title='bbox 1046 2606 1188 2683; x_wconf 84' lang='lat' dir='ltr'><strong>totIdem</strong></span> <span class='ocrx_word' id='word_1_270' title='bbox 1203 2609 1349 2684; x_wconf 67' lang='lat' dir='ltr'><strong>Veneriis</strong></span> <span class='ocrx_word' id='word_1_271' title='bbox 1359 2635 1378 2680; x_wconf 89' lang='lat' dir='ltr'><strong>a</strong></span> <span class='ocrx_word' id='word_1_272' title='bbox 1390 2601 1423 2680; x_wconf 92' lang='lat' dir='ltr'><strong>se</strong></span> <span class='ocrx_word' id='word_1_273' title='bbox 1434 2601 1600 2707; x_wconf 71' lang='lat' dir='ltr'><strong>inspesloa</strong></span> <span class='ocrx_word' id='word_1_274' title='bbox 1612 2611 1796 2692; x_wconf 87' lang='lat' dir='ltr'><strong>enarrauit,</strong></span> <span class='ocrx_word' id='word_1_275' title='bbox 1809 2597 1905 2706; x_wconf 80' lang='lat' dir='ltr'><strong>quod</strong></span> 
     </span>
     <span class='ocr_line' id='line_1_23' title="bbox 185 2706 1905 2814; baseline -0.003 -27"><span class='ocrx_word' id='word_1_276' title='bbox 185 2713 383 2814; x_wconf 88' lang='lat' dir='ltr'><strong>plerumque</strong></span> <span class='ocrx_word' id='word_1_277' title='bbox 406 2709 610 2811; x_wconf 81' lang='lat' dir='ltr'><strong>fingularurn</strong></span> <span class='ocrx_word' id='word_1_278' title='bbox 632 2709 764 2796; x_wconf 83' lang='lat' dir='ltr'><strong>titulos,</strong></span> <span class='ocrx_word' id='word_1_279' title='bbox 798 2707 922 2788; x_wconf 86' lang='lat' dir='ltr'><strong>nedum</strong></span> <span class='ocrx_word' id='word_1_280' title='bbox 946 2715 1055 2812; x_wconf 87' lang='lat' dir='ltr'><strong>prima</strong></span> <span class='ocrx_word' id='word_1_281' title='bbox 1076 2713 1173 2786; x_wconf 80' lang='lat' dir='ltr'><strong>verba</strong></span> <span class='ocrx_word' id='word_1_282' title='bbox 1195 2707 1377 2786; x_wconf 82' lang='lat' dir='ltr'><strong>describere</strong></span> <span class='ocrx_word' id='word_1_283' title='bbox 1397 2710 1617 2809; x_wconf 82' lang='lat' dir='ltr'><strong>neglexerint.</strong></span> <span class='ocrx_word' id='word_1_284' title='bbox 1667 2706 1905 2782; x_wconf 68' lang='lat' dir='ltr'><strong>terreamur</strong></span> 
     </span>
     <span class='ocr_line' id='line_1_24' title="bbox 186 2807 1918 2912; baseline -0.005 -21"><span class='ocrx_word' id='word_1_285' title='bbox 186 2815 295 2891; x_wconf 84' lang='lat' dir='ltr'><strong>studio</strong></span> <span class='ocrx_word' id='word_1_286' title='bbox 311 2817 334 2887; x_wconf 93' lang='lat' dir='ltr'><strong>ii</strong></span> <span class='ocrx_word' id='word_1_287' title='bbox 357 2811 391 2887; x_wconf 91' lang='lat' dir='ltr'><strong>id</strong></span> <span class='ocrx_word' id='word_1_288' title='bbox 414 2808 525 2910; x_wconf 82' lang='lat' dir='ltr'><strong>fecisse</strong></span> <span class='ocrx_word' id='word_1_289' title='bbox 548 2809 698 2912; x_wconf 86' lang='lat' dir='ltr'><strong>adeoque</strong></span> <span class='ocrx_word' id='word_1_290' title='bbox 719 2811 895 2890; x_wconf 87' lang='lat' dir='ltr'><strong>excul&#39;andi</strong></span> <span class='ocrx_word' id='word_1_291' title='bbox 922 2811 986 2891; x_wconf 78' lang='lat' dir='ltr'><strong>eisc</strong></span> <span class='ocrx_word' id='word_1_292' title='bbox 1007 2813 1172 2898; x_wconf 84' lang='lat' dir='ltr'><strong>ridentur.</strong></span> <span class='ocrx_word' id='word_1_293' title='bbox 1223 2818 1286 2889; x_wconf 86' lang='lat' dir='ltr'><strong>Per</strong></span> <span class='ocrx_word' id='word_1_294' title='bbox 1304 2813 1393 2887; x_wconf 85' lang='lat' dir='ltr'><strong>hane</strong></span> <span class='ocrx_word' id='word_1_295' title='bbox 1413 2810 1623 2901; x_wconf 82' lang='lat' dir='ltr'><strong>occasionem</strong></span> <span class='ocrx_word' id='word_1_296' title='bbox 1641 2809 1783 2888; x_wconf 87' lang='lat' dir='ltr'><strong>adiicere</strong></span> <span class='ocrx_word' id='word_1_297' title='bbox 1803 2807 1918 2886; x_wconf 73' lang='lat' dir='ltr'><strong>hecar</strong></span> 
     </span>
     <span class='ocr_line' id='line_1_25' title="bbox 185 2913 1904 3020; baseline -0.006 -24"><span class='ocrx_word' id='word_1_298' title='bbox 185 2924 270 2996; x_wconf 89' lang='lat' dir='ltr'><strong>mihi</strong></span> <span class='ocrx_word' id='word_1_299' title='bbox 286 2917 463 3020; x_wconf 85' lang='lat' dir='ltr'><strong>epiiiolae,</strong></span> <span class='ocrx_word' id='word_1_300' title='bbox 486 2923 524 2992; x_wconf 89' lang='lat' dir='ltr'><strong>in</strong></span> <span class='ocrx_word' id='word_1_301' title='bbox 537 2941 601 3016; x_wconf 86' lang='lat' dir='ltr'><strong>qua</strong></span> <span class='ocrx_word' id='word_1_302' title='bbox 620 2915 791 3012; x_wconf 77' lang='lat' dir='ltr'><strong>Wlloisoa.</strong></span> <span class='ocrx_word' id='word_1_303' title='bbox 816 2913 991 3020; x_wconf 82' lang='lat' dir='ltr'><strong>quondam</strong></span> <span class='ocrx_word' id='word_1_304' title='bbox 1012 2915 1125 3018; x_wconf 87' lang='lat' dir='ltr'><strong>plura,</strong></span> <span class='ocrx_word' id='word_1_305' title='bbox 1159 2941 1244 3018; x_wconf 81' lang='lat' dir='ltr'><strong>quae</strong></span> <span class='ocrx_word' id='word_1_306' title='bbox 1265 2913 1307 2991; x_wconf 84' lang='lat' dir='ltr'><strong>ad</strong></span> <span class='ocrx_word' id='word_1_307' title='bbox 1328 2917 1546 2999; x_wconf 78' lang='lat' dir='ltr'><strong>litteraturam</strong></span> <span class='ocrx_word' id='word_1_308' title='bbox 1559 2935 1713 3012; x_wconf 73' lang='lat' dir='ltr'><strong>gmoam</strong></span> <span class='ocrx_word' id='word_1_309' title='bbox 1727 2918 1904 3015; x_wconf 78' lang='lat' dir='ltr'><strong>pertinent,</strong></span> 
     </span>
     <span class='ocr_line' id='line_1_26' title="bbox 184 3016 1904 3124; baseline -0.004 -27"><span class='ocrx_word' id='word_1_310' title='bbox 184 3047 249 3124; x_wconf 92' lang='lat' dir='ltr'><strong>pro</strong></span> <span class='ocrx_word' id='word_1_311' title='bbox 262 3049 321 3112; x_wconf 88' lang='lat' dir='ltr'><strong>ea,</strong></span> <span class='ocrx_word' id='word_1_312' title='bbox 335 3047 402 3122; x_wconf 85' lang='lat' dir='ltr'><strong>qua</strong></span> <span class='ocrx_word' id='word_1_313' title='bbox 416 3019 549 3100; x_wconf 82' lang='lat' dir='ltr'><strong>floruit,</strong></span> <span class='ocrx_word' id='word_1_314' title='bbox 574 3016 729 3116; x_wconf 82' lang='lat' dir='ltr'><strong>singulari</strong></span> <span class='ocrx_word' id='word_1_315' title='bbox 744 3021 949 3098; x_wconf 85' lang='lat' dir='ltr'><strong>humanitate</strong></span> <span class='ocrx_word' id='word_1_316' title='bbox 959 3046 1031 3096; x_wconf 86' lang='lat' dir='ltr'><strong>non</strong></span> <span class='ocrx_word' id='word_1_317' title='bbox 1045 3027 1154 3096; x_wconf 80' lang='lat' dir='ltr'><strong>minna</strong></span> <span class='ocrx_word' id='word_1_318' title='bbox 1167 3045 1271 3116; x_wconf 87' lang='lat' dir='ltr'><strong>quarn</strong></span> <span class='ocrx_word' id='word_1_319' title='bbox 1284 3023 1370 3093; x_wconf 85' lang='lat' dir='ltr'><strong>mira</strong></span> <span class='ocrx_word' id='word_1_320' title='bbox 1383 3017 1572 3092; x_wconf 88' lang='lat' dir='ltr'><strong>eruditione</strong></span> <span class='ocrx_word' id='word_1_321' title='bbox 1581 3016 1835 3118; x_wconf 78' lang='lat' dir='ltr'><strong>litterarumque</strong></span> <span class='ocrx_word' id='word_1_322' title='bbox 1846 3039 1904 3090; x_wconf 85' lang='lat' dir='ltr'><strong>co·</strong></span> 
     </span>
     <span class='ocr_line' id='line_1_27' title="bbox 210 3117 1902 3224; baseline -0.001 -27"><span class='ocrx_word' id='word_1_323' title='bbox 210 3131 259 3220; x_wconf 87' lang='lat' dir='ltr'><strong>ia,</strong></span> <span class='ocrx_word' id='word_1_324' title='bbox 283 3148 338 3196; x_wconf 92' lang='lat' dir='ltr'><strong>me</strong></span> <span class='ocrx_word' id='word_1_325' title='bbox 354 3127 458 3194; x_wconf 86' lang='lat' dir='ltr'><strong>amice</strong></span> <span class='ocrx_word' id='word_1_326' title='bbox 471 3119 605 3209; x_wconf 86' lang='lat' dir='ltr'><strong>docuit,</strong></span> <span class='ocrx_word' id='word_1_327' title='bbox 628 3117 840 3217; x_wconf 83' lang='lat' dir='ltr'><strong>particulam,</strong></span> <span class='ocrx_word' id='word_1_328' title='bbox 866 3128 980 3222; x_wconf 87' lang='lat' dir='ltr'><strong>inqua</strong></span> <span class='ocrx_word' id='word_1_329' title='bbox 997 3147 1054 3209; x_wconf 88' lang='lat' dir='ltr'><strong>ea,</strong></span> <span class='ocrx_word' id='word_1_330' title='bbox 1080 3147 1165 3224; x_wconf 89' lang='lat' dir='ltr'><strong>quae</strong></span> <span class='ocrx_word' id='word_1_331' title='bbox 1181 3128 1217 3193; x_wconf 88' lang='lat' dir='ltr'><strong>in</strong></span> <span class='ocrx_word' id='word_1_332' title='bbox 1230 3117 1487 3194; x_wconf 76' lang='lat' dir='ltr'><strong>Introdudlione</strong></span> <span class='ocrx_word' id='word_1_333' title='bbox 1498 3121 1566 3213; x_wconf 70' lang='lat' dir='ltr'><strong>lete.</strong></span> <span class='ocrx_word' id='word_1_334' title='bbox 1580 3123 1623 3194; x_wconf 89' lang='lat'><strong>11.</strong></span> <span class='ocrx_word' id='word_1_335' title='bbox 1664 3135 1723 3194; x_wconf 85' lang='lat' dir='ltr'><strong>art.</strong></span> <span class='ocrx_word' id='word_1_336' title='bbox 1738 3125 1768 3193; x_wconf 88' lang='lat'><strong>1.</strong></span> <span class='ocrx_word' id='word_1_337' title='bbox 1779 3143 1814 3218; x_wconf 85' lang='lat' dir='ltr'><strong>p.</strong></span> <span class='ocrx_word' id='word_1_338' title='bbox 1826 3138 1902 3210; x_wconf 76' lang='lat'><strong>450·</strong></span> 
     </span>
     <span class='ocr_line' id='line_1_28' title="bbox 199 3143 1904 3330; baseline -0.004 -30"><span class='ocrx_word' id='word_1_339' title='bbox 199 3257 231 3330; x_wconf 91' lang='lat' dir='ltr'><strong>q.</strong></span> <span class='ocrx_word' id='word_1_340' title='bbox 246 3217 456 3323; x_wconf 86' lang='lat' dir='ltr'><strong>scripseram,</strong></span> <span class='ocrx_word' id='word_1_341' title='bbox 483 3225 526 3292; x_wconf 93' lang='lat' dir='ltr'><strong>ita</strong></span> <span class='ocrx_word' id='word_1_342' title='bbox 541 3217 640 3292; x_wconf 77' lang='lat' dir='ltr'><strong>docte</strong></span> <span class='ocrx_word' id='word_1_343' title='bbox 654 3216 784 3318; x_wconf 88' lang='lat' dir='ltr'><strong>supplet</strong></span> <span class='ocrx_word' id='word_1_344' title='bbox 806 3222 1041 3321; x_wconf 74' lang='lat' dir='ltr'><strong>emendatque:</strong></span> <span class='ocrx_word' id='word_1_345' title='bbox 1074 3230 1204 3311; x_wconf 81' lang='lat' dir='ltr'><strong>„Voua</strong></span> <span class='ocrx_word' id='word_1_346' title='bbox 1215 3227 1367 3321; x_wconf 88' lang='lat' dir='ltr'><strong>pourriet</strong></span> <span class='ocrx_word' id='word_1_347' title='bbox 1380 3219 1511 3294; x_wconf 81' lang='lat' dir='ltr'><strong>alonter</strong></span> <span class='ocrx_word' id='word_1_348' title='bbox 1521 3244 1560 3293; x_wconf 93' lang='lat' dir='ltr'><strong>ce</strong></span> <span class='ocrx_word' id='word_1_349' title='bbox 1576 3143 1707 3319; x_wconf 69' lang='lat' dir='ltr'><strong>palsdge</strong></span> <span class='ocrx_word' id='word_1_350' title='bbox 1720 3225 1904 3317; x_wconf 84' lang='lat' dir='ltr'><strong>important</strong></span> 
     </span>
     <span class='ocr_line' id='line_1_29' title="bbox 184 3319 1902 3424; baseline -0.005 -18"><span class='ocrx_word' id='word_1_351' title='bbox 184 3327 228 3406; x_wconf 88' lang='lat' dir='ltr'><strong>de</strong></span> <span class='ocrx_word' id='word_1_352' title='bbox 241 3329 275 3404; x_wconf 87' lang='lat' dir='ltr'><strong>Ia</strong></span> <span class='ocrx_word' id='word_1_353' title='bbox 290 3329 425 3400; x_wconf 80' lang='lat' dir='ltr'><strong>Lettera</strong></span> <span class='ocrx_word' id='word_1_354' title='bbox 437 3327 568 3396; x_wconf 81' lang='lat' dir='ltr'><strong>intorno</strong></span> <span class='ocrx_word' id='word_1_355' title='bbox 581 3329 613 3394; x_wconf 79' lang='grc' dir='ltr'><strong>α’</strong></span> <span class='ocrx_word' id='word_1_356' title='bbox 613 3327 713 3424; x_wconf 77' lang='lat' dir='ltr'><strong>pragi</strong></span> <span class='ocrx_word' id='word_1_357' title='bbox 726 3322 798 3396; x_wconf 78' lang='lat' dir='ltr'><strong>nlt’</strong></span> <span class='ocrx_word' id='word_1_358' title='bbox 810 3328 918 3410; x_wconf 73' lang='lat' dir='ltr'><strong>mrim</strong></span> <span class='ocrx_word' id='word_1_359' title='bbox 930 3319 1009 3398; x_wconf 73' lang='lat' dir='ltr'><strong>citri</strong></span> <span class='ocrx_word' id='word_1_360' title='bbox 1023 3328 1059 3398; x_wconf 72' lang='lat' dir='ltr'><strong>di</strong></span> <span class='ocrx_word' id='word_1_361' title='bbox 1072 3327 1266 3410; x_wconf 75' lang='lat' dir='ltr'><strong>Tmna,</strong></span> <span class='ocrx_word' id='word_1_362' title='bbox 1280 3322 1404 3419; x_wconf 80' lang='lat' dir='ltr'><strong>scritta</strong></span> <span class='ocrx_word' id='word_1_363' title='bbox 1413 3322 1465 3394; x_wconf 80' lang='lat' dir='ltr'><strong>ari</strong></span> <span class='ocrx_word' id='word_1_364' title='bbox 1476 3320 1591 3416; x_wconf 74' lang='lat' dir='ltr'><strong>cnseo</strong></span> <span class='ocrx_word' id='word_1_365' title='bbox 1602 3326 1700 3394; x_wconf 78' lang='lat' dir='ltr'><strong>mnieo</strong></span> <span class='ocrx_word' id='word_1_366' title='bbox 1711 3322 1835 3424; x_wconf 79' lang='lat' dir='ltr'><strong>riclfig·</strong></span> <span class='ocrx_word' id='word_1_367' title='bbox 1851 3323 1902 3398; x_wconf 85' lang='lat' dir='ltr'><strong>D.</strong></span> 
     </span>
    </p>
   </div>
   <div class='ocr_carea' id='block_1_12' title="bbox 183 3419 2057 3535">
    <p class='ocr_par' dir='ltr' id='par_1_12' title="bbox 183 3419 2057 3535">
     <span class='ocr_line' id='line_1_30' title="bbox 183 3419 2057 3535; baseline -0.003 -29"><span class='ocrx_word' id='word_1_368' title='bbox 183 3435 326 3535; x_wconf 77' lang='lat' dir='ltr'><strong>lgaazio</strong></span> <span class='ocrx_word' id='word_1_369' title='bbox 343 3421 507 3510; x_wconf 66' lang='lat' dir='ltr'><strong>oanan,</strong></span> <span class='ocrx_word' id='word_1_370' title='bbox 541 3425 756 3523; x_wconf 70' lang='lat' dir='ltr'><strong>Tamminese,</strong></span> <span class='ocrx_word' id='word_1_371' title='bbox 782 3451 857 3528; x_wconf 81' lang='lat' dir='ltr'><strong>pag.</strong></span> <span class='ocrx_word' id='word_1_372' title='bbox 874 3447 938 3518; x_wconf 80' lang='lat'>¹53·</span> <span class='ocrx_word' id='word_1_373' title='bbox 961 3444 1045 3502; x_wconf 85' lang='lat' dir='ltr'><strong>tom.</strong></span> <span class='ocrx_word' id='word_1_374' title='bbox 1064 3430 1136 3502; x_wconf 86' lang='lat' dir='ltr'><strong>XV.</strong></span> <span class='ocrx_word' id='word_1_375' title='bbox 1158 3422 1217 3499; x_wconf 81' lang='lat' dir='ltr'><strong>dea</strong></span> <span class='ocrx_word' id='word_1_376' title='bbox 1234 3423 1388 3523; x_wconf 80' lang='lat' dir='ltr'><strong>Opuseoli</strong></span> <span class='ocrx_word' id='word_1_377' title='bbox 1405 3426 1442 3498; x_wconf 82' lang='lat' dir='ltr'><strong>tii</strong></span> <span class='ocrx_word' id='word_1_378' title='bbox 1456 3419 1582 3508; x_wconf 81' lang='lat' dir='ltr'><strong>Actori</strong></span> <span class='ocrx_word' id='word_1_379' title='bbox 1601 3424 1762 3508; x_wconf 82' lang='lat' dir='ltr'><strong>Sicisioai,</strong></span> <span class='ocrx_word' id='word_1_380' title='bbox 1784 3424 1824 3498; x_wconf 84' lang='lat' dir='ltr'><strong>ia</strong></span> <span class='ocrx_word' id='word_1_381' title='bbox 1838 3425 1903 3498; x_wconf 82' lang='lat' dir='ltr'><strong>Pa-</strong></span> <span class='ocrx_word' id='word_1_382' title='bbox 1984 3513 1997 3532; x_wconf 69' lang='lat'><strong>.</strong></span> <span class='ocrx_word' id='word_1_383' title='bbox 2053 3495 2057 3500; x_wconf 75' lang='grc'>,</span> 
     </span>
    </p>
   </div>
   <div class='ocr_carea' id='block_1_13' title="bbox 183 3521 1906 3628">
    <p class='ocr_par' dir='ltr' id='par_1_13' title="bbox 183 3521 1906 3628">
     <span class='ocr_line' id='line_1_31' title="bbox 183 3521 1906 3628; baseline -0.01 -14"><span class='ocrx_word' id='word_1_384' title='bbox 183 3537 315 3619; x_wconf 87' lang='lat' dir='ltr'><strong>lermo,</strong></span> <span class='ocrx_word' id='word_1_385' title='bbox 344 3553 436 3621; x_wconf 77' lang='lat'><strong>¹774·</strong></span> <span class='ocrx_word' id='word_1_386' title='bbox 448 3551 482 3618; x_wconf 88' lang='grc'><strong>4.</strong></span> <span class='ocrx_word' id='word_1_387' title='bbox 499 3532 617 3626; x_wconf 83' lang='lat' dir='ltr'><strong>Ignace</strong></span> <span class='ocrx_word' id='word_1_388' title='bbox 632 3527 814 3624; x_wconf 80' lang='lat' dir='ltr'><strong>Cartellay</strong></span> <span class='ocrx_word' id='word_1_389' title='bbox 834 3526 926 3628; x_wconf 87' lang='lat' dir='ltr'><strong>parle</strong></span> <span class='ocrx_word' id='word_1_390' title='bbox 939 3525 996 3600; x_wconf 84' lang='lat' dir='ltr'><strong>dea</strong></span> <span class='ocrx_word' id='word_1_391' title='bbox 1013 3527 1136 3610; x_wconf 69' lang='lat' dir='ltr'><strong>Prelata</strong></span> <span class='ocrx_word' id='word_1_392' title='bbox 1149 3529 1196 3602; x_wconf 84' lang='lat' dir='ltr'><strong>de</strong></span> <span class='ocrx_word' id='word_1_393' title='bbox 1210 3527 1443 3619; x_wconf 87' lang='lat' dir='ltr'><strong>Tauromeni,</strong></span> <span class='ocrx_word' id='word_1_394' title='bbox 1465 3529 1523 3626; x_wconf 85' lang='lat' dir='ltr'><strong>qni</strong></span> <span class='ocrx_word' id='word_1_395' title='bbox 1536 3543 1600 3600; x_wconf 90' lang='lat' dir='ltr'><strong>ont</strong></span> <span class='ocrx_word' id='word_1_396' title='bbox 1609 3549 1655 3617; x_wconf 84' lang='lat' dir='ltr'><strong>eu</strong></span> <span class='ocrx_word' id='word_1_397' title='bbox 1663 3522 1697 3598; x_wconf 92' lang='lat' dir='ltr'><strong>le</strong></span> <span class='ocrx_word' id='word_1_398' title='bbox 1704 3529 1785 3600; x_wconf 81' lang='lat' dir='ltr'><strong>titre</strong></span> <span class='ocrx_word' id='word_1_399' title='bbox 1797 3521 1906 3601; x_wconf 55' lang='grc' dir='ltr'><strong>(ΡΜ.</strong></span> 
     </span>
    </p>
   </div>
   <div class='ocr_carea' id='block_1_14' title="bbox 47 3625 2015 3740">
    <p class='ocr_par' dir='ltr' id='par_1_14' title="bbox 47 3625 2015 3740">
     <span class='ocr_line' id='line_1_32' title="bbox 47 3625 2015 3740; baseline 0.008 -25"><span class='ocrx_word' id='word_1_400' title='bbox 47 3655 53 3664; x_wconf 86' lang='grc'><strong>’</strong></span> <span class='ocrx_word' id='word_1_401' title='bbox 185 3644 371 3740; x_wconf 82' lang='lat' dir='ltr'><strong>ehereque,</strong></span> <span class='ocrx_word' id='word_1_402' title='bbox 398 3649 431 3706; x_wconf 92' lang='lat' dir='ltr'><strong>et</strong></span> <span class='ocrx_word' id='word_1_403' title='bbox 444 3639 526 3709; x_wconf 84' lang='lat' dir='ltr'><strong>entt&#39;</strong></span> <span class='ocrx_word' id='word_1_404' title='bbox 548 3649 655 3704; x_wconf 87' lang='lat' dir='ltr'><strong>autrea</strong></span> <span class='ocrx_word' id='word_1_405' title='bbox 675 3627 733 3704; x_wconf 86' lang='lat' dir='ltr'><strong>dea</strong></span> <span class='ocrx_word' id='word_1_406' title='bbox 758 3629 846 3706; x_wconf 85' lang='lat' dir='ltr'><strong>deux</strong></span> <span class='ocrx_word' id='word_1_407' title='bbox 861 3629 1046 3717; x_wconf 68' lang='lat' dir='ltr'><strong>orcam.</strong></span> <span class='ocrx_word' id='word_1_408' title='bbox 1080 3627 1243 3729; x_wconf 80' lang='lat' dir='ltr'><strong>Grsgoire</strong></span> <span class='ocrx_word' id='word_1_409' title='bbox 1257 3648 1292 3702; x_wconf 89' lang='lat' dir='ltr'><strong>et</strong></span> <span class='ocrx_word' id='word_1_410' title='bbox 1311 3627 1550 3724; x_wconf 48' lang='lat' dir='ltr'><strong>1&amp;prst</strong></span> <span class='ocrx_word' id='word_1_411' title='bbox 1581 3625 1901 3715; x_wconf 67' lang='lat' dir='ltr'><strong>d⁰¹li¹1⁰¹¹⁸⁸l⁰⁰it</strong></span> <span class='ocrx_word' id='word_1_412' title='bbox 1992 3697 2015 3710; x_wconf 87' lang='lat'>-</span> 
     </span>
    </p>
   </div>
   <div class='ocr_carea' id='block_1_15' title="bbox 185 3727 2005 3837">
    <p class='ocr_par' dir='ltr' id='par_1_15' title="bbox 185 3727 2005 3837">
     <span class='ocr_line' id='line_1_33' title="bbox 185 3727 2005 3837; baseline -0.008 -21"><span class='ocrx_word' id='word_1_413' title='bbox 185 3743 233 3816; x_wconf 89' lang='lat' dir='ltr'><strong>dit</strong></span> <span class='ocrx_word' id='word_1_414' title='bbox 248 3742 292 3827; x_wconf 90' lang='lat' dir='ltr'><strong>il,</strong></span> <span class='ocrx_word' id='word_1_415' title='bbox 316 3737 364 3813; x_wconf 82' lang='lat' dir='ltr'><strong>let</strong></span> <span class='ocrx_word' id='word_1_416' title='bbox 380 3736 525 3812; x_wconf 73' lang='lat' dir='ltr'><strong>cdle&#39;hrer</strong></span> <span class='ocrx_word' id='word_1_417' title='bbox 543 3733 739 3824; x_wconf 84' lang='lat' dir='ltr'><strong>Homeliea,</strong></span> <span class='ocrx_word' id='word_1_418' title='bbox 763 3733 909 3837; x_wconf 72' lang='lat' dir='ltr'><strong>publieea</strong></span> <span class='ocrx_word' id='word_1_419' title='bbox 921 3759 965 3808; x_wconf 89' lang='lat' dir='ltr'><strong>en</strong></span> <span class='ocrx_word' id='word_1_420' title='bbox 981 3735 1159 3808; x_wconf 86' lang='lat' dir='ltr'><strong>Greeeten</strong></span> <span class='ocrx_word' id='word_1_421' title='bbox 1173 3737 1268 3808; x_wconf 86' lang='lat' dir='ltr'><strong>Latin</strong></span> <span class='ocrx_word' id='word_1_422' title='bbox 1283 3757 1343 3832; x_wconf 85' lang='lat' dir='ltr'><strong>par</strong></span> <span class='ocrx_word' id='word_1_423' title='bbox 1354 3727 1482 3814; x_wconf 81' lang='lat' dir='ltr'><strong>Scorsi,</strong></span> <span class='ocrx_word' id='word_1_424' title='bbox 1502 3734 1563 3832; x_wconf 88' lang='lat' dir='ltr'><strong>qui</strong></span> <span class='ocrx_word' id='word_1_425' title='bbox 1574 3729 1622 3806; x_wconf 91' lang='lat' dir='ltr'><strong>lea</strong></span> <span class='ocrx_word' id='word_1_426' title='bbox 1638 3731 1777 3807; x_wconf 87' lang='lat' dir='ltr'><strong>attrIbue</strong></span> <span class='ocrx_word' id='word_1_427' title='bbox 1791 3749 1901 3806; x_wconf 87' lang='lat' dir='ltr'><strong>toutee</strong></span> <span class='ocrx_word' id='word_1_428' title='bbox 1921 3771 1931 3782; x_wconf 58' lang='grc'><em>’</em></span> <span class='ocrx_word' id='word_1_429' title='bbox 1965 3730 1972 3754; x_wconf 82' lang='lat'><strong><em>⁴</em></strong></span> <span class='ocrx_word' id='word_1_430' title='bbox 2001 3776 2005 3783; x_wconf 90' lang='lat'><em>·</em></span> 
     </span>
    </p>
   </div>
   <div class='ocr_carea' id='block_1_16' title="bbox 184 3829 1988 3939">
    <p class='ocr_par' dir='ltr' id='par_1_16' title="bbox 184 3823 2044 3939">
     <span class='ocr_line' id='line_1_34' title="bbox 184 3829 1988 3939; baseline 0.014 -33"><span class='ocrx_word' id='word_1_431' title='bbox 184 3841 430 3938; x_wconf 47' lang='lat' dir='ltr'><strong>Immineat,</strong></span> <span class='ocrx_word' id='word_1_432' title='bbox 456 3837 561 3914; x_wconf 83' lang='lat' dir='ltr'><strong>tandit</strong></span> <span class='ocrx_word' id='word_1_433' title='bbox 583 3843 688 3939; x_wconf 87' lang='lat' dir='ltr'><strong>qu’nn</strong></span> <span class='ocrx_word' id='word_1_434' title='bbox 712 3845 784 3910; x_wconf 81' lang='lat' dir='ltr'><strong>voit</strong></span> <span class='ocrx_word' id='word_1_435' title='bbox 801 3834 990 3912; x_wconf 83' lang='lat' dir='ltr'><strong>e&#39;ridetnent</strong></span> <span class='ocrx_word' id='word_1_436' title='bbox 1003 3861 1045 3910; x_wconf 92' lang='lat' dir='ltr'><strong>en</strong></span> <span class='ocrx_word' id='word_1_437' title='bbox 1060 3832 1231 3929; x_wconf 84' lang='lat' dir='ltr'><strong>lealisant,</strong></span> <span class='ocrx_word' id='word_1_438' title='bbox 1255 3857 1321 3935; x_wconf 88' lang='lat' dir='ltr'><strong>que</strong></span> <span class='ocrx_word' id='word_1_439' title='bbox 1336 3835 1498 3936; x_wconf 76' lang='lat' dir='ltr'><strong>quelquea</strong></span> <span class='ocrx_word' id='word_1_440' title='bbox 1510 3832 1720 3910; x_wconf 82' lang='lat' dir='ltr'><strong>unead&#39;entr’</strong></span> <span class='ocrx_word' id='word_1_441' title='bbox 1732 3832 1811 3909; x_wconf 78' lang='lat' dir='ltr'><strong>elle·</strong></span> <span class='ocrx_word' id='word_1_442' title='bbox 1825 3829 1908 3909; x_wconf 87' lang='lat' dir='ltr'><strong>sont.</strong></span> <span class='ocrx_word' id='word_1_443' title='bbox 1971 3831 1988 3917; x_wconf 39' lang='lat'><strong>¹.</strong></span> 
     </span>
    </p>
   </div>
   <div class='ocr_carea' id='block_1_17' title="bbox 186 3931 1960 4046">
    <p class='ocr_par' dir='ltr' id='par_1_17' title="bbox 186 3931 1960 4046">
     <span class='ocr_line' id='line_1_35' title="bbox 186 3931 1960 4046; baseline -0.019 -21"><span class='ocrx_word' id='word_1_444' title='bbox 186 3945 227 4024; x_wconf 87' lang='lat' dir='ltr'><strong>de</strong></span> <span class='ocrx_word' id='word_1_445' title='bbox 241 3944 418 4046; x_wconf 78' lang='lat' dir='ltr'><strong>Grigoire,</strong></span> <span class='ocrx_word' id='word_1_446' title='bbox 442 3961 476 4015; x_wconf 93' lang='lat' dir='ltr'><strong>et</strong></span> <span class='ocrx_word' id='word_1_447' title='bbox 486 3940 522 4014; x_wconf 88' lang='lat' dir='ltr'><strong>d’</strong></span> <span class='ocrx_word' id='word_1_448' title='bbox 529 3957 634 4014; x_wconf 82' lang='lat' dir='ltr'><strong>antrer</strong></span> <span class='ocrx_word' id='word_1_449' title='bbox 645 3935 688 4012; x_wconf 89' lang='lat' dir='ltr'><strong>de</strong></span> <span class='ocrx_word' id='word_1_450' title='bbox 706 3937 912 4036; x_wconf 69' lang='lat' dir='ltr'><strong>mopiam.</strong></span> <span class='ocrx_word' id='word_1_451' title='bbox 936 3965 1072 4022; x_wconf 86' lang='lat' dir='ltr'><strong>comme</strong></span> <span class='ocrx_word' id='word_1_452' title='bbox 1087 3937 1120 4014; x_wconf 91' lang='lat' dir='ltr'><strong>le</strong></span> <span class='ocrx_word' id='word_1_453' title='bbox 1133 3935 1278 4014; x_wconf 84' lang='lat' dir='ltr'><strong>sontient</strong></span> <span class='ocrx_word' id='word_1_454' title='bbox 1290 3937 1465 4016; x_wconf 80' lang='lat' dir='ltr'><strong>lece&#39;le&#39;bre</strong></span> <span class='ocrx_word' id='word_1_455' title='bbox 1473 3942 1555 4013; x_wconf 72' lang='lat' dir='ltr'><strong>Pare</strong></span> <span class='ocrx_word' id='word_1_456' title='bbox 1568 3931 1907 4041; x_wconf 37' lang='lat' dir='ltr'><strong>Ermofsffimbtfiq</strong></span> <span class='ocrx_word' id='word_1_457' title='bbox 1956 3963 1960 3975; x_wconf 51' lang='grc' dir='ltr'>ι</span> 
     </span>
    </p>
   </div>
   <div class='ocr_carea' id='block_1_18' title="bbox 185 4035 2166 4248">
    <p class='ocr_par' dir='ltr' id='par_1_18' title="bbox 185 4035 2166 4248">
     <span class='ocr_line' id='line_1_36' title="bbox 185 4035 2166 4144; baseline -0.01 -16"><span class='ocrx_word' id='word_1_458' title='bbox 185 4048 409 4128; x_wconf 84' lang='lat' dir='ltr'><strong>Bibliothecae</strong></span> <span class='ocrx_word' id='word_1_459' title='bbox 424 4046 690 4120; x_wconf 84' lang='lat' dir='ltr'><strong>concionatoriae</strong></span> <span class='ocrx_word' id='word_1_460' title='bbox 704 4063 836 4144; x_wconf 84' lang='lat' dir='ltr'><strong>parrum</strong></span> <span class='ocrx_word' id='word_1_461' title='bbox 849 4063 931 4117; x_wconf 88' lang='lat' dir='ltr'><strong>tom.</strong></span> <span class='ocrx_word' id='word_1_462' title='bbox 948 4047 975 4116; x_wconf 92' lang='lat'><strong>1.</strong></span> <span class='ocrx_word' id='word_1_463' title='bbox 992 4041 1046 4118; x_wconf 90' lang='lat' dir='ltr'><strong>sur</strong></span> <span class='ocrx_word' id='word_1_464' title='bbox 1061 4041 1094 4115; x_wconf 91' lang='lat' dir='ltr'><strong>le</strong></span> <span class='ocrx_word' id='word_1_465' title='bbox 1106 4061 1183 4116; x_wconf 89' lang='lat' dir='ltr'><strong>mot</strong></span> <span class='ocrx_word' id='word_1_466' title='bbox 1195 4037 1237 4113; x_wconf 95' lang='lat' dir='ltr'><strong>de</strong></span> <span class='ocrx_word' id='word_1_467' title='bbox 1256 4038 1442 4136; x_wconf 72' lang='lat' dir='ltr'><strong>Ihlophmrr</strong></span> <span class='ocrx_word' id='word_1_468' title='bbox 1457 4039 1627 4114; x_wconf 62' lang='lat' dir='ltr'><strong>Comeret</strong></span> <span class='ocrx_word' id='word_1_469' title='bbox 1639 4063 1716 4140; x_wconf 82' lang='lat' dir='ltr'><strong>pag.</strong></span> <span class='ocrx_word' id='word_1_470' title='bbox 1731 4041 1787 4126; x_wconf 88' lang='grc'><strong>46.</strong></span> <span class='ocrx_word' id='word_1_471' title='bbox 1801 4058 1834 4112; x_wconf 90' lang='lat' dir='ltr'><strong>et</strong></span> <span class='ocrx_word' id='word_1_472' title='bbox 1846 4035 1901 4116; x_wconf 93' lang='lat' dir='ltr'><strong>sur</strong></span> <span class='ocrx_word' id='word_1_473' title='bbox 1992 4103 1996 4110; x_wconf 89' lang='lat'><strong>.</strong></span> <span class='ocrx_word' id='word_1_474' title='bbox 2160 4044 2166 4054; x_wconf 85' lang='grc'><em>“</em></span> 
     </span>
     <span class='ocr_line' id='line_1_37' title="bbox 187 4137 2045 4248; baseline -0.011 -20"><span class='ocrx_word' id='word_1_475' title='bbox 187 4153 271 4228; x_wconf 89' lang='lat' dir='ltr'><strong>celui</strong></span> <span class='ocrx_word' id='word_1_476' title='bbox 288 4149 500 4248; x_wconf 82' lang='lat' dir='ltr'><strong>desirrgnire</strong></span> <span class='ocrx_word' id='word_1_477' title='bbox 517 4145 682 4222; x_wconf 79' lang='lat' dir='ltr'><strong>Cermraus</strong></span> <span class='ocrx_word' id='word_1_478' title='bbox 698 4172 731 4245; x_wconf 88' lang='lat' dir='ltr'><strong>p.</strong></span> <span class='ocrx_word' id='word_1_479' title='bbox 746 4169 796 4236; x_wconf 86' lang='lat'><strong>¹4·</strong></span> <span class='ocrx_word' id='word_1_480' title='bbox 831 4151 959 4232; x_wconf 81' lang='lat' dir='ltr'><strong>„Voue</strong></span> <span class='ocrx_word' id='word_1_481' title='bbox 973 4143 1128 4245; x_wconf 88' lang='lat' dir='ltr'><strong>indiquez</strong></span> <span class='ocrx_word' id='word_1_482' title='bbox 1147 4143 1183 4216; x_wconf 93' lang='lat' dir='ltr'><strong>Ie</strong></span> <span class='ocrx_word' id='word_1_483' title='bbox 1196 4143 1382 4241; x_wconf 82' lang='lat' dir='ltr'><strong>Catalogne</strong></span> <span class='ocrx_word' id='word_1_484' title='bbox 1396 4139 1454 4214; x_wconf 83' lang='lat' dir='ltr'><strong>dea</strong></span> <span class='ocrx_word' id='word_1_485' title='bbox 1468 4142 1567 4220; x_wconf 85' lang='lat' dir='ltr'><strong>MSS.</strong></span> <span class='ocrx_word' id='word_1_486' title='bbox 1582 4165 1676 4242; x_wconf 78' lang='lat' dir='ltr'><strong>greca</strong></span> <span class='ocrx_word' id='word_1_487' title='bbox 1692 4140 1734 4212; x_wconf 90' lang='lat' dir='ltr'><strong>de</strong></span> <span class='ocrx_word' id='word_1_488' title='bbox 1746 4137 1901 4231; x_wconf 85' lang='lat' dir='ltr'><strong>Madrid,</strong></span> <span class='ocrx_word' id='word_1_489' title='bbox 2036 4174 2045 4188; x_wconf 92' lang='lat'><em>-</em></span> 
     </span>
    </p>
   </div>
   <div class='ocr_carea' id='block_1_19' title="bbox 184 4237 2001 4447">
    <p class='ocr_par' dir='ltr' id='par_1_19' title="bbox 184 4237 2001 4447">
     <span class='ocr_line' id='line_1_38' title="bbox 185 4237 1970 4351; baseline -0.035 -21"><span class='ocrx_word' id='word_1_490' title='bbox 185 4251 228 4330; x_wconf 89' lang='lat' dir='ltr'><strong>de</strong></span> <span class='ocrx_word' id='word_1_491' title='bbox 242 4261 320 4330; x_wconf 87' lang='lat' dir='ltr'><strong>Iean</strong></span> <span class='ocrx_word' id='word_1_492' title='bbox 332 4257 463 4338; x_wconf 86' lang='lat' dir='ltr'><strong>Iriarte,</strong></span> <span class='ocrx_word' id='word_1_493' title='bbox 489 4253 546 4351; x_wconf 89' lang='lat' dir='ltr'><strong>qni</strong></span> <span class='ocrx_word' id='word_1_494' title='bbox 558 4259 660 4348; x_wconf 80' lang='lat' dir='ltr'><strong>p.‚84.</strong></span> <span class='ocrx_word' id='word_1_495' title='bbox 674 4249 741 4323; x_wconf 82' lang='lat' dir='ltr'><strong>eol·</strong></span> <span class='ocrx_word' id='word_1_496' title='bbox 759 4269 793 4320; x_wconf 85' lang='lat' dir='ltr'><strong>a.</strong></span> <span class='ocrx_word' id='word_1_497' title='bbox 812 4245 846 4324; x_wconf 90' lang='lat' dir='ltr'><strong>se</strong></span> <span class='ocrx_word' id='word_1_498' title='bbox 865 4245 1001 4349; x_wconf 81' lang='lat' dir='ltr'><strong>glorisia</strong></span> <span class='ocrx_word' id='word_1_499' title='bbox 1020 4272 1066 4326; x_wconf 85' lang='lat' dir='ltr'><strong>en</strong></span> <span class='ocrx_word' id='word_1_500' title='bbox 1086 4269 1140 4320; x_wconf 84' lang='lat' dir='ltr'><strong>eet</strong></span> <span class='ocrx_word' id='word_1_501' title='bbox 1154 4263 1276 4317; x_wconf 73' lang='lat' dir='ltr'><strong>termes</strong></span> <span class='ocrx_word' id='word_1_502' title='bbox 1288 4239 1330 4318; x_wconf 84' lang='lat' dir='ltr'><strong>de</strong></span> <span class='ocrx_word' id='word_1_503' title='bbox 1345 4240 1379 4316; x_wconf 91' lang='lat' dir='ltr'><strong>la</strong></span> <span class='ocrx_word' id='word_1_504' title='bbox 1394 4239 1594 4316; x_wconf 82' lang='lat' dir='ltr'><strong>deeourerte</strong></span> <span class='ocrx_word' id='word_1_505' title='bbox 1604 4237 1688 4344; x_wconf 57' lang='grc' dir='ltr'><strong>φῆ</strong></span> <span class='ocrx_word' id='word_1_506' title='bbox 1705 4249 1899 4349; x_wconf 49' lang='lat' dir='ltr'><strong>“Qm</strong></span> <span class='ocrx_word' id='word_1_507' title='bbox 1966 4261 1970 4268; x_wconf 89' lang='lat'><strong>.</strong></span> 
     </span>
     <span class='ocr_line' id='line_1_39' title="bbox 184 4346 2001 4447; baseline -0.017 -14"><span class='ocrx_word' id='word_1_508' title='bbox 184 4355 265 4433; x_wconf 87' lang='lat' dir='ltr'><strong>saite</strong></span> <span class='ocrx_word' id='word_1_509' title='bbox 278 4356 322 4431; x_wconf 91' lang='lat' dir='ltr'><strong>du</strong></span> <span class='ocrx_word' id='word_1_510' title='bbox 337 4360 405 4428; x_wconf 87' lang='lat' dir='ltr'><strong>vrai</strong></span> <span class='ocrx_word' id='word_1_511' title='bbox 421 4346 562 4440; x_wconf 82' lang='lat' dir='ltr'><strong>nomde</strong></span> <span class='ocrx_word' id='word_1_512' title='bbox 572 4350 731 4424; x_wconf 83' lang='lat' dir='ltr'><strong>l&#39;slnteur</strong></span> <span class='ocrx_word' id='word_1_513' title='bbox 743 4351 784 4422; x_wconf 89' lang='lat' dir='ltr'><strong>de</strong></span> <span class='ocrx_word' id='word_1_514' title='bbox 798 4375 853 4424; x_wconf 80' lang='lat' dir='ltr'><strong>eee</strong></span> <span class='ocrx_word' id='word_1_515' title='bbox 866 4346 1058 4429; x_wconf 72' lang='lat' dir='ltr'><strong>Homeliea,</strong></span> <span class='ocrx_word' id='word_1_516' title='bbox 1087 4373 1189 4422; x_wconf 76' lang='lat' dir='ltr'><strong>auum</strong></span> <span class='ocrx_word' id='word_1_517' title='bbox 1214 4349 1337 4446; x_wconf 81' lang='lat' dir='ltr'><strong>quidem</strong></span> <span class='ocrx_word' id='word_1_518' title='bbox 1354 4352 1537 4430; x_wconf 72' lang='lat' dir='ltr'><strong>inanem,</strong></span> <span class='ocrx_word' id='word_1_519' title='bbox 1572 4351 1760 4447; x_wconf 70' lang='lat' dir='ltr'><strong>otingam</strong></span> <span class='ocrx_word' id='word_1_520' title='bbox 1771 4347 1900 4442; x_wconf 63' lang='lat' dir='ltr'><strong>sarm,</strong></span> <span class='ocrx_word' id='word_1_521' title='bbox 1993 4401 2001 4406; x_wconf 84' lang='grc'><strong>,</strong></span> 
     </span>
    </p>
   </div>
   <div class='ocr_carea' id='block_1_20' title="bbox 184 4442 2051 4558">
    <p class='ocr_par' dir='ltr' id='par_1_20' title="bbox 184 4442 2051 4558">
     <span class='ocr_line' id='line_1_40' title="bbox 184 4442 2051 4558; baseline -0.006 -25"><span class='ocrx_word' id='word_1_522' title='bbox 184 4457 397 4558; x_wconf 71' lang='lat' dir='ltr'><strong>mirificasum</strong></span> <span class='ocrx_word' id='word_1_523' title='bbox 406 4455 607 4556; x_wconf 81' lang='lat' dir='ltr'><strong>gratulatus.</strong></span> <span class='ocrx_word' id='word_1_524' title='bbox 657 4455 834 4558; x_wconf 75' lang='lat' dir='ltr'><strong>Scriptoris</strong></span> <span class='ocrx_word' id='word_1_525' title='bbox 852 4455 994 4526; x_wconf 77' lang='lat' dir='ltr'><strong>inuenire</strong></span> <span class='ocrx_word' id='word_1_526' title='bbox 1009 4477 1140 4534; x_wconf 83' lang='lat' dir='ltr'><strong>nomm,</strong></span> <span class='ocrx_word' id='word_1_527' title='bbox 1162 4451 1243 4545; x_wconf 81' lang='lat' dir='ltr'><strong>plns</strong></span> <span class='ocrx_word' id='word_1_528' title='bbox 1255 4449 1357 4546; x_wconf 71' lang='lat' dir='ltr'><strong>vescar</strong></span> <span class='ocrx_word' id='word_1_529' title='bbox 1370 4448 1435 4546; x_wconf 79' lang='lat' dir='ltr'><strong>est,</strong></span> <span class='ocrx_word' id='word_1_530' title='bbox 1459 4442 1698 4548; x_wconf 71' lang='lat' dir='ltr'><strong>qumsm&#39;pta.</strong></span> <span class='ocrx_word' id='word_1_531' title='bbox 1741 4452 1901 4551; x_wconf 80' lang='lat' dir='ltr'><strong>Philcge.</strong></span> <span class='ocrx_word' id='word_1_532' title='bbox 2044 4527 2051 4532; x_wconf 70' lang='grc'><strong>,</strong></span> 
     </span>
    </p>
   </div>
   <div class='ocr_carea' id='block_1_21' title="bbox 183 4545 1972 4954">
    <p class='ocr_par' dir='ltr' id='par_1_21' title="bbox 183 4545 1972 4954">
     <span class='ocr_line' id='line_1_41' title="bbox 186 4545 1899 4660; baseline -0.008 -21"><span class='ocrx_word' id='word_1_533' title='bbox 186 4567 234 4639; x_wconf 82' lang='lat' dir='ltr'><strong>tiri</strong></span> <span class='ocrx_word' id='word_1_534' title='bbox 243 4588 347 4660; x_wconf 80' lang='lat' dir='ltr'><strong>porro</strong></span> <span class='ocrx_word' id='word_1_535' title='bbox 361 4563 485 4634; x_wconf 73' lang='lat' dir='ltr'><strong>nmine</strong></span> <span class='ocrx_word' id='word_1_536' title='bbox 507 4555 742 4651; x_wconf 74' lang='lat' dir='ltr'><strong>Theophanem,</strong></span> <span class='ocrx_word' id='word_1_537' title='bbox 772 4559 960 4648; x_wconf 72' lang='lat' dir='ltr'><strong>domnitam</strong></span> <span class='ocrx_word' id='word_1_538' title='bbox 975 4553 1175 4650; x_wconf 79' lang='lat' dir='ltr'><strong>monasticam</strong></span> <span class='ocrx_word' id='word_1_539' title='bbox 1188 4565 1318 4651; x_wconf 77' lang='lat' dir='ltr'><strong>agent,</strong></span> <span class='ocrx_word' id='word_1_540' title='bbox 1343 4545 1540 4655; x_wconf 73' lang='lat' dir='ltr'><strong>vsumfuiffl</strong></span> <span class='ocrx_word' id='word_1_541' title='bbox 1548 4551 1647 4648; x_wconf 78' lang='lat' dir='ltr'><strong>ptam</strong></span> <span class='ocrx_word' id='word_1_542' title='bbox 1656 4551 1788 4649; x_wconf 77' lang='lat' dir='ltr'><strong>constat.</strong></span> <span class='ocrx_word' id='word_1_543' title='bbox 1820 4556 1852 4628; x_wconf 91' lang='lat' dir='ltr'><strong>Il</strong></span> <span class='ocrx_word' id='word_1_544' title='bbox 1866 4549 1899 4628; x_wconf 93' lang='lat' dir='ltr'><strong>se</strong></span> 
     </span>
     <span class='ocr_line' id='line_1_42' title="bbox 183 4645 1972 4768; baseline -0.008 -27"><span class='ocrx_word' id='word_1_545' title='bbox 183 4685 328 4768; x_wconf 84' lang='lat' dir='ltr'><strong>trompe.</strong></span> <span class='ocrx_word' id='word_1_546' title='bbox 380 4667 442 4738; x_wconf 83' lang='lat' dir='ltr'><strong>Let</strong></span> <span class='ocrx_word' id='word_1_547' title='bbox 456 4660 597 4761; x_wconf 67' lang='lat' dir='ltr'><strong>eoiquea</strong></span> <span class='ocrx_word' id='word_1_548' title='bbox 611 4681 725 4757; x_wconf 76' lang='lat' dir='ltr'><strong>grece,</strong></span> <span class='ocrx_word' id='word_1_549' title='bbox 750 4661 808 4759; x_wconf 90' lang='lat' dir='ltr'><strong>qui</strong></span> <span class='ocrx_word' id='word_1_550' title='bbox 824 4651 899 4731; x_wconf 90' lang='lat' dir='ltr'><strong>sont</strong></span> <span class='ocrx_word' id='word_1_551' title='bbox 913 4662 1064 4750; x_wconf 85' lang='lat' dir='ltr'><strong>toujoura</strong></span> <span class='ocrx_word' id='word_1_552' title='bbox 1077 4655 1153 4729; x_wconf 69' lang='lat' dir='ltr'><strong>mes</strong></span> <span class='ocrx_word' id='word_1_553' title='bbox 1168 4653 1216 4728; x_wconf 88' lang='lat' dir='ltr'><strong>du</strong></span> <span class='ocrx_word' id='word_1_554' title='bbox 1230 4650 1372 4742; x_wconf 71' lang='lat' dir='ltr'><strong>scindes</strong></span> <span class='ocrx_word' id='word_1_555' title='bbox 1388 4671 1567 4741; x_wconf 73' lang='lat' dir='ltr'><strong>convente,</strong></span> <span class='ocrx_word' id='word_1_556' title='bbox 1592 4645 1839 4754; x_wconf 70' lang='lat' dir='ltr'><strong>demimeque</strong></span> <span class='ocrx_word' id='word_1_557' title='bbox 1852 4654 1900 4728; x_wconf 91' lang='lat' dir='ltr'><strong>Iea</strong></span> <span class='ocrx_word' id='word_1_558' title='bbox 1964 4651 1972 4665; x_wconf 85' lang='lat'><em>&#39;</em></span> 
     </span>
     <span class='ocr_line' id='line_1_43' title="bbox 183 4753 1935 4954; baseline -0.007 -108"><span class='ocrx_word' id='word_1_559' title='bbox 183 4769 424 4954; x_wconf 45' lang='lat' dir='ltr'><strong>baqqoqeqhqui</strong></span> <span class='ocrx_word' id='word_1_560' title='bbox 446 4754 641 4842; x_wconf 81' lang='lat' dir='ltr'><strong>ernbrallent</strong></span> <span class='ocrx_word' id='word_1_561' title='bbox 659 4761 692 4844; x_wconf 87' lang='lat' dir='ltr'><strong>Ia</strong></span> <span class='ocrx_word' id='word_1_562' title='bbox 713 4767 767 4838; x_wconf 85' lang='lat' dir='ltr'><strong>rie</strong></span> <span class='ocrx_word' id='word_1_563' title='bbox 787 4757 1018 4866; x_wconf 74' lang='lat' dir='ltr'><strong>monastique,</strong></span> <span class='ocrx_word' id='word_1_564' title='bbox 1049 4757 1318 4938; x_wconf 54' lang='lat' dir='ltr'><strong>chanqunterIorr</strong></span> <span class='ocrx_word' id='word_1_565' title='bbox 1331 4755 1374 4834; x_wconf 86' lang='lat' dir='ltr'><strong>de</strong></span> <span class='ocrx_word' id='word_1_566' title='bbox 1390 4783 1494 4848; x_wconf 68' lang='lat' dir='ltr'><strong>noma</strong></span> <span class='ocrx_word' id='word_1_567' title='bbox 1526 4762 1609 4834; x_wconf 85' lang='lat' dir='ltr'><strong>maia</strong></span> <span class='ocrx_word' id='word_1_568' title='bbox 1621 4753 1662 4835; x_wconf 87' lang='lat' dir='ltr'><strong>ila</strong></span> <span class='ocrx_word' id='word_1_569' title='bbox 1672 4775 1735 4834; x_wconf 80' lang='lat' dir='ltr'><strong>ont</strong></span> <span class='ocrx_word' id='word_1_570' title='bbox 1745 4762 1900 4938; x_wconf 60' lang='lat' dir='ltr'><strong>toujqrorirtn</strong></span> <span class='ocrx_word' id='word_1_571' title='bbox 1929 4855 1935 4862; x_wconf 21' lang='grc' dir='ltr'><strong>Δ</strong></span> 
     </span>
    </p>
   </div>
   <div class='ocr_carea' id='block_1_22' title="bbox 0 0 2354 5842">
    <p class='ocr_par' dir='ltr' id='par_1_22' title="bbox 0 0 2354 5842">
     <span class='ocr_line' id='line_1_44' title="bbox 0 0 2354 5842; baseline 0 6"><span class='ocrx_word' id='word_1_572' title='bbox 0 0 2354 5842; x_wconf 95' lang='lat' dir='ltr'><strong> </strong></span> 
     </span>
    </p>
   </div>
  </div>
 </body>
</html>
