4700 5842
602 1106 1396 1322 'enarrarto
1514 1306 1520 1325 ,

888 1516 1298 1544 Ἥ

191 1876 396 2163 Quae
433 2024 522 2111 hoc
567 2018 803 2109 volumine
846 2019 1091 2107 undecimo
1136 2025 1608 2133 comprehenduntur,
1658 2046 1705 2117 ot
1748 2036 1796 2119 in
1847 2038 1915 2121 in-

191 2174 302 2257 dice
337 2140 555 2279 capitum,
610 2172 705 2279 post
741 2167 930 2251 Fabricii
971 2169 1295 2277 praefationem
1334 2174 1491 2282 positu,
1539 2174 1725 2262 vberius
1762 2178 1916 2268 decla.

191 2313 376 2416 rantur3
435 2344 490 2403 ca
531 2316 778 2403 secundum
820 2334 1023 2399 veterem
1074 2316 1320 2403 editionem
1366 2318 1528 2428 partim
1578 2346 1637 2405 ex
1679 2310 1915 2419 voiumine

191 2496 350 2566 nono,
391 2490 560 2573 nempe
589 2460 973 2547 continuationem
1000 2461 1157 2572 capitis
1188 2466 1247 2549 de
1275 2464 1451 2567 Photio,
1472 2500 1478 2509 ·
1501 2484 1546 2552 et
1575 2492 1673 2581 cap.
1697 2452 1915 2586 XXXVI.

162 2588 307 2715 'olim
333 2610 553 2699 XXXIX.
584 2612 643 2693 de
673 2614 877 2699 Maximo
897 2602 1205 2693 Alexandrino
1221 2610 1428 2721 Sophiste
1448 2630 1530 2697 etc.
1561 2616 1736 2725 partim,
1765 2644 1913 2731 eaque

136 2738 143 2758 ¹
190 2762 436 2861 maximam
476 2776 650 2868 partem
676 2782 750 2857 ‚ex
784 2754 1021 2876 volumine
1061 2756 1261 2853 decim03
1318 2758 1518 2867 denique
1555 2751 1767 2847 Demetrii
1799 2766 1914 2851 Pro·
2046 2816 2058 2859 ,-

181 2911 317 3023 'copii
344 2906 609 2991 succinctam
639 2901 919 2988 eruditorum
946 2900 1226 2988 Graecorum
1256 2904 1561 2989 recensionem
1592 2930 1651 2991 ex
1680 2908 1914 3017 volumine
1961 3010 1966 3027 p
2023 2992 2035 3034 >
2150 2877 2156 2904 .

187 3054 441 3149 vndecit'no
467 3050 681 3151 reduxi,
751 3076 839 3135 nec
886 3028 990 3135 raro
1037 3052 1187 3137 multis
1245 3044 1521 3162 iocupletaui
1576 3052 1913 3163 supplementis.

190 3204 369 3303 Contra
399 3197 659 3299 omittatis,
709 3198 908 3303 quaein
936 3196 1170 3281 volumine
1203 3198 1380 3283 decimo
1417 3218 1506 3284 vet.
1537 3200 1643 3285 edit.
1675 3192 1915 3295 exstabant.

194 3352 398 3439 Primum
435 3342 657 3450 reliquam
695 3338 853 3449 capitis
890 3340 949 3421 de
986 3340 1123 3422 Suida
1160 3360 1335 3448 partem
1373 3366 1476 3423 cum
1512 3345 1772 3429 recensione
1809 3348 1918 3461 Ety-
2032 3387 2035 3393 ·

194 3477 411 3653 moiogici
445 3486 638 3655 Magni,
685 3484 960 3575 Lexicorum
997 3482 1113 3567 varii
1146 3482 1329 3589 'generis
1367 3500 1411 3565 et
1448 3482 1766 3591 Glossariorum
1779 3494 1917 3627 anti-

197 3800 322 3879 Tum
358 3754 589 3869 Fabricius
622 3676 889 3887 praefationi
933 3778 1036 3861 suae
1079 3684 1138 3859 ati
1182 3776 1400 3859 volumen
1436 3776 1495 3861 X.
1533 3777 1781 3865 subiecerat
1822 3736 1924 3871 duo·

195 3940 375 4027 indices
425 3928 469 4041 1)
498 3926 838 4033 homonymorum
880 3928 926 4007 in
965 3926 1110 4006 decem
1145 3947 1196 4007 ro
1199 3922 1432 4005 luminibus
1468 3922 1603 4009 huius
1632 3914 1918 4045 bibliothecae
2005 3971 2008 3991 ·

198 4086 521 4210 distinctorum,
567 4090 612 4153 et
637 4075 681 4174 2)
704 4074 924 4168 indicum,
963 4066 1254 4183 scriptores
1236 4094 1283 4149 m
1311 4034 1449 4157 runis
1464 4066 1763 4184 scriptoribus
1788 4096 1916 4183 groe-

201 4238 272 4319 cis
298 4214 510 4313 laudatos
540 4218 850 4327 indicantium,
893 4218 976 4323 qui
1011 4217 1059 4296 in
1094 4214 1237 4297 decem
1273 4214 1560 4301 uoluminibus
1597 4214 1732 4299 huius
1762 4218 1916 4303 biblio-

182 4380 355 4464 *thecae
394 4360 663 4455 exhibentur.
754 4362 1005 4451 Enimuero
1039 4360 1209 4445 resecui
1244 4360 1368 4458 illos,
1423 4360 1640 4468 quoniam
1683 4364 1917 4449 meliorem

200 4528 365 4612 locum
377 4514 614 4603 inuenient
640 4478 689 4595 iu
716 4505 868 4593 iudice
897 4506 1119 4623 generasi,
1157 4506 1229 4588 cui
1249 4505 1442 4589 illonrm
1473 4508 1628 4591 notitia
1657 4534 1684 4589 a
1713 4506 1918 4595 Fabricio

202 4674 368 4761 iterum
401 4666 548 4753 suerat
581 4658 803 4761 immixta,
858 4674 903 4743 et
939 4671 1058 4766 quae
1097 4670 1288 4764 propter
1325 4652 1497 4741 multas
1520 4652 1918 4765 Homonymorum

1107 4824 1186 4884 aa
1697 4887 1702 4895 ,
1792 4826 1920 4889 ante
