4700 5842
437 266 1017 431 'eorrnuexxxtn'
1131 428 1135 435 Ι
1226 330 1548 462 ,mm
1638 304 1646 319 ·
1752 348 1758 358 ,
1882 276 2191 433 Q&

524 518 630 612 ss'um,
657 515 866 601 Gennadium
881 542 1001 621 nempe
1014 516 1174 607 alterum,
1199 522 1259 621 qui
1286 476 1443 601 obscurus
1459 526 1497 597 in
1510 516 1608 615 uella,
1628 479 1904 599 soloinletinoe
1918 516 2000 599 odio
2015 478 2188 601 commen·

318 622 323 629 ¹
430 643 436 657 “
476 552 591 721 lstut,
616 646 690 705 ante
705 618 959 731 enptninv'rbem
975 618 1064 700 diem
1080 618 1175 702 suum
1188 616 1448 706 obiitiedicitur.

580 869 582 878 ¹
644 906 697 977 ²7·
722 888 849 959 Verum
872 874 930 954 etst
950 876 1138 953 Scholerim
1152 879 1379 955 Florentinum
1401 880 1559 953 unionem
1583 882 1734 954 emtione
1754 874 1956 955 laudaverit:
1987 900 2187 967 nontamen

341 1024 344 1031 ·
477 1012 550 1065 eam
565 982 796 1087 subscriptione
816 981 982 1075 firmauit,
1016 1006 1121 1081 quum
1145 982 1220 1057 laici
1239 1007 1310 1059 noo
1332 978 1583 1085 subscripserint,
1633 981 1746 1083 Atque
1767 988 1810 1055 ita
1830 981 1917 1057 nilail
1940 984 2187 1087 propemodum

477 1086 575 1195 egisse
588 1088 646 1165 libi
664 1084 746 1161 uisus
760 1082 830 1173 eli,
864 1078 953 1187 quali
976 1088 1115 1159 oratoris
1133 1092 1244 1184 potine
1268 1110 1366 1159 more
1383 1083 1573 1159 sententium
1585 1079 1718 1161 dixilset
1735 1088 1925 1185 impereturi
1939 1087 2186 1185 periucundum,

476 1200 747 1293 Graecorumque
761 1186 901 1265 adflidlis
914 1187 1008 1263 rebus
1023 1172 1338 1267 eominodiffiunm.
1379 1192 1489 1289 Atque
1501 1190 1544 1260 ite
1557 1187 1871 1291 Constantinopolin
1885 1187 2042 1283 reuersus,
2066 1194 2187 1267 Murco

474 1293 618 1395 Epheso
633 1290 861 1369 reconciliatur
877 1289 941 1381 est,
967 1310 999 1362 et
1012 1316 1030 1361 u
1045 1292 1168 1363 Latinis
1191 1294 1434 1392 Henotieieque
1446 1289 1658 1376 abalienetur,
1692 1289 1780 1363 vnde
1793 1296 1827 1365 in
1845 1296 1979 1366 loanni·
1996 1294 2186 1393 l’nlaeologi
2255 1355 2259 1359 .

475 1396 694 1476 offertionem
716 1400 872 1483 incurrit,
929 1389 998 1467 uod
1019 1392 1176 1467 habemur
1197 1418 1238 1467 ex
1251 1398 1322 1467 eius
1338 1393 1556 1494 Apologeticn
1575 1389 1619 1471 ad
1635 1388 1891 1469 Conslnminum
1903 1403 2075 1485 oratione,
2102 1420 2187 1499 quoe

474 1502 601 1581 Allotio
616 1522 801 1601 numquam
816 1495 883 1571 vise
896 1418 952 1569 el.
1005 1492 1107 1569 Nulln
1128 1513 1198 1570 tote
1220 1496 1397 1571 interuallo
1417 1500 1596 1595 temporie,
1628 1492 1721 1597 quod
1742 1498 1829 1569 inter
1841 1495 2049 1573 Florentium
2062 1496 2186 1596 synodi

474 1604 599 1699 fiuent,
624 1618 658 1675 et
671 1606 804 1676 loumtia
821 1593 1014 1694 Pnla'eologi
1030 1598 1159 1672 obitum
1175 1594 1367 1684 intercessit,
1393 1594 1525 1672 alteriue
1538 1600 1696 1694 Georgii,
1721 1593 1960 1674 fiueGettnadii
1973 1608 2104 1677 mentio
2116 1600 2183 1689 este

473 1700 527 1783 sed
540 1724 670 1780 tuntum
685 1705 782 1775 huius
798 1696 920 1786 nollri,
944 1704 1001 1800 qui
1028 1698 1293 1775 conlundiill‘tmc
1313 1727 1389 1774 curn
1404 1724 1447 1774 eo
1463 1706 1564 1786 vixit,
1596 1707 1655 1801 qui
1668 1693 1743 1775 suoe
1755 1706 1785 1774 ei
1799 1726 1862 1799 pro
1877 1702 2053 1777 Aristotele
2068 1693 2185 1778 contra
2325 1691 2327 1736 l

456 1806 657 1885 ,Gemillum
669 1803 772 1880 libror
787 1798 929 1891 dicauit,
953 1804 1007 1901 qui
1023 1808 1180 1878 morienti
1196 1796 1320 1894 adfuit,
1345 1822 1397 1883 et,
1420 1805 1498 1891 Dep
1512 1800 1609 1888 telle,
1634 1800 1747 1875 multie
1763 1802 1982 1904 praesentibue
1995 1805 2054 1901 [P]
2079 1805 2184 1881 eccle·

337 1918 344 1933 “
471 1910 537 1986 liae
557 1906 631 1983 sune
650 1900 803 1982 aduersus
819 1909 954 2007 Lutinoe
973 1898 1203 1978 defensionem
1215 1900 1296 1980 inse
1308 1910 1452 2007 recepit,
1505 1912 1605 2006 nique
1627 1921 1678 1977 tot
1699 1903 1802 1977 libror
1821 1906 1942 1993 edidit,
1971 1912 2089 2008 quibu·
2102 1914 2184 1985 vnio

471 2012 656 2089 florentiae
671 2005 755 2084 fndlr
769 2005 1031 2093 comederetur,
1057 2010 1115 2106 qul
1134 2030 1271 2105 graecos
1289 2007 1444 2085 entillitee
1463 1930 1571 2081 adhuc
1594 2004 1695 2081 leicue
1717 2007 1945 2083 aeoronmdo
1960 2010 2183 2087 Constantino

471 2112 646 2205 deterruit,
672 2132 705 2185 et
720 2108 854 2185 taudem
865 2116 902 2184 lu
923 2106 1160 2199 monasterium
1176 2107 1208 2186 sc
1223 2114 1345 2211 recepit
1365 2110 1479 2211 paullo
1494 2128 1712 2213 anteceptam
1724 2110 1853 2191 vrbem
1902 2116 1996 2211 Qum
2013 2121 2128 2191 omnia
2140 2138 2184 2190 ox
2326 2203 2327 2206 Ἴ

469 2216 538 2294 sola
555 2213 597 2290 ed
611 2212 867 2297 Constantinum
890 2208 1027 2313 epillole
1047 2228 1115 2293 inm
1134 2208 1304 2313 perspicue
1324 2210 1609 2300 demonstrantur,
1643 2233 1680 2288 ut
1692 2216 1726 2288 in
1743 2210 1922 2291 obscurum
1939 2214 2080 2293 alterurn
2093 2222 2182 2314 Gen·
2234 2243 2238 2249 ·

468 2316 605 2402 nadium
621 2318 738 2395 endere
758 2331 965 2417 nequaquam
985 2311 1128 2415 polline,
1160 2340 1266 2489 poem
1280 2312 1485 2391 Florentiam
1504 2312 1619 2405 inille,
1642 2316 1757 2391 unioni
1772 2310 1908 2405 lauiffe,
1931 2318 2182 2418 plrilosopleum,

467 2424 615 2502 iudicem
633 2424 841 2523 primatium,
893 2423 1039 2493 Notarne
1061 2422 1158 2490 amici
1186 2444 1315 2505 unum,
1348 2415 1563 2493 ltaliudodlie
1577 2416 1901 2508 ooniuudlill'rmum,
1925 2427 2035 2498 Murci
2048 2420 2183 2524 Ephefii

466 2522 661 2627 discipulum
675 2543 708 2598 et
721 2517 994 2627 pernecessarium
1011 2514 1124 2606 sullse,
1154 2546 1257 2596 nemo
1279 2546 1436 2623 umquam
1455 2521 1526 2597 ullo
1547 2521 1674 2597 idoneo
1697 2522 1888 2597 testimonio
1906 2528 2047 2625 probare
2061 2525 2180 2627 potell,

469 2632 579 2707 multo
591 2632 702 2707 minue
716 2624 768 2707 id,
799 2620 893 2727 quod
907 2618 1048 2699 Alletiue
1069 2622 1268 2721 pahunrinm
1287 2616 1521 2725 argumentum
1538 2627 1656 2719 habet,
1680 2624 1975 2702 Sclroluriuntnon
1988 2626 2070 2723 nili,
2092 2626 2181 2729 poll·

466 2760 567 2839 quam
593 2730 785 2833 dignitetetn
799 2722 995 2813 abdicasset,
1028 2726 1246 2801 monasticem
1267 2731 1367 2801 ultam
1389 2721 1574 2823 prosclsum
1592 2723 1668 2813 elie,
1694 2730 1795 2803 Fndr.
1846 2725 1952 2805 Cous.
1972 2730 2180 2808 ommia
2307 2767 2310 2775 ,

467 2838 535 2915 ool.
550 2858 644 2933 ²⁴71}
656 2830 725 2936 sqq.
743 2832 793 2905 rbi
809 2854 946 2933 quoque
959 2829 1076 2905 locum
1090 2826 1229 2903 adducit
1251 2856 1293 2903 ex
1318 2826 1475 2905 Dusrenii
1490 2826 1535 2903 du
1546 2834 1665 2931 Congo
1675 2824 1846 2904 moisem
1859 2822 1902 2905 ad
1914 2829 2181 2935 scripeommed

466 2966 498 3017 et
516 2936 574 3020 ins.
590 2940 798 3017 Graecitatis,
824 2930 1203 3014 tom.ll.eol.1281.et
1222 2928 1340 3016 locum
1354 2960 1396 3009 ex
1410 2929 1550 3041 epistula
1561 2936 1672 3016 Mam
1684 2930 1819 3038 Ephesii
1831 2930 1875 3012 ad
1887 2934 2013 3041 Georg.
2028 2936 2181 3017 Selaolar.
2327 2931 2328 3010 ἶ

368 3087 372 3095 ·
464 3036 1000 3145 ineodregirmmmcxvtn.
1025 3034 1122 3110 Harl.
2327 3069 2329 3076 >

630 3298 684 3381 2!-
709 3296 797 3397 Qeia
811 3316 892 3367 vero
907 3288 1003 3369 illum
1020 3296 1056 3369 in
1074 3286 1191 3370 eadem
1209 3286 1355 3393 semper,
1377 3318 1484 3397 quam
1497 3292 1683 3372 Florentiae
1697 3292 1956 3395 fignifieauerat,
1980 3294 2180 3375 concord‘ae

465 3432 542 3481 eum
559 3404 681 3479 latinio
700 3394 892 3475 sanciendae
906 3393 1063 3477 senteutin
1075 3390 1171 3470 suilse
1186 3396 1401 3483 caillimnuit,
1434 3424 1506 3471 non
1526 3400 1667 3479 uirum,
1699 3395 1726 3471 fi
1742 3425 1843 3500 quem
1858 3400 1964 3483 latino
1979 3408 2111 3477 nomini
2125 3410 2176 3478 in·

464 3502 682 3585 senissimum
695 3494 760 3573 else
773 3522 895 3596 negare
910 3524 984 3573 non
999 3516 1147 3595 poterat,
1171 3498 1274 3568 elium
1289 3492 1386 3569 suilse
1400 3498 1607 3599 existimauir.
1639 3498 1735 3575 niue
1748 3528 1870 3601 nempe
1886 3498 1991 3578 fndlue
2005 3504 2070 3582 eit.
2094 3501 2174 3580 ‹luru

464 3612 606 3685 mutauit
623 3602 836 3681 senteutiam,
867 3613 919 3667 tot
934 3618 1133 3695 graecorum
1151 3596 1332 3669 antistitum
1354 3596 1530 3701 exemplo,
1565 3608 1624 3703 qui
1645 3607 1763 3684 unioni
1782 3603 2047 3705 subscripserent,
2080 3592 2175 3709 quod

464 3709 652 3787 Scholarinr
673 3727 743 3775 uon
766 3694 898 3775 lecerat.
949 3702 1027 3801 Qto
1050 3723 1130 3772 vero
1152 3704 1238 3773 circa
1260 3699 1488 3775 Florentinum
1507 3698 1676 3798 synodum
1695 3708 1809 3811 animo
1832 3702 1952 3798 suerit,
1982 3736 2088 3784 nemo
2108 3720 2176 3789 iam

465 3811 664 3889 coniedluris
676 3802 809 3904 adsequi
825 3798 1011 3875 diuinmdo
1026 3798 1143 3889 debet,
1174 3799 1231 3876 sed
1242 3806 1310 3876 eim
1336 3806 1540 3879 orationibus
1555 3802 1699 3883 credere.
1748 3808 1922 3911 Praecipua
1937 3811 2175 3889 estrnledidlo·

466 3922 512 3991 rin
535 3913 577 3988 ad
600 3908 875 3991 constantinum,
908 3904 1026 4005 inque
1045 3926 1116 3978 non
1136 3904 1237 3978 eliam
1257 3910 1399 3980 inimicis
1423 3904 1489 3981 iuie
1508 3906 1731 3985 calmnninndi
1752 3908 1893 3989 caussam
1915 3910 2010 3993 luid‘e
2030 3913 2176 4015 rellatur,

465 4042 567 4123 quem
591 4008 683 4117 quod
700 4008 914 4085 innonatioui
934 4030 995 4107 per
1007 3998 1242 4085 definitionem
1262 4002 1460 4103 synodalem
1478 4007 1585 4087 sndlae
1604 4018 1682 4086 rotie
1702 4016 1824 4089 viribus
1843 4016 2024 4093 obfilleret.
2074 4020 2175 4095 Idem

464 4122 607 4227 probent
619 4121 707 4193 varin
720 4106 872 4188 aduersu
887 4112 1020 4184 Latione
1034 4128 1067 4183 et
1082 4112 1350 4211 latinophronna
1362 4106 1497 4212 scripta,
1517 4108 1755 4213 disputationea
1774 4140 1853 4193 eum
1867 4124 2039 4212 Cortonne
2051 4120 2175 4224 episco-

464 4251 532 4325 po,
557 4244 590 4297 et
601 4222 685 4305 eliu,
710 4242 795 4316 quae
810 4214 863 4289 vel
877 4207 972 4315 supro
994 4208 1161 4316 designata
1181 4208 1274 4299 lunt,
1305 4215 1359 4290 uel
1372 4220 1409 4291 in
1421 4218 1551 4291 Notitia
1563 4224 1633 4292 ciue
1645 4244 1786 4317 operum
1800 4219 2195 4323 dedignabunturetnm,

464 4350 548 4428 quoe
569 4320 627 4399 sub
650 4318 767 4395 Isidori
791 4316 961 4395 cardinnlie
983 4315 1183 4401 aduentum,
1213 4333 1246 4389 et
1268 4322 1304 4390 in
1323 4315 1391 4419 ipsu
1411 4316 1584 4395 oblidione
1605 4318 1749 4422 scripsit,
1777 4322 1912 4401 tandem
1932 4330 2040 4402 oratio
2063 4327 2173 4406 codici

356 4493 359 4501 ,
464 4448 606 4530 magone
625 4420 776 4497 eoelestae
795 4416 932 4507 intem,
966 4442 1072 4521 quum
1091 4420 1306 4519 patriarcham
1327 4446 1448 4496 monne
1468 4419 1628 4523 deposuit.
1681 4428 1809 4520 Priores
1827 4434 1919 4507 enim
1943 4426 2173 4511 demonſtrant

461 4558 560 4623 eum,
595 4532 651 4625 qui
664 4520 780 4598 iudicio
800 4525 948 4620 primumi
968 4524 1129 4621 dignitate
1149 4540 1302 4617 ornatur,
1331 4522 1535 4602 Florentiam
1551 4530 1586 4599 ln
1602 4533 1810 4627 imperatorin
1829 4538 1988 4609 comitatu
2000 4530 2176 4635 prose-stne

461 4632 528 4718 eil,
552 4628 658 4730 ipsum
672 4620 754 4706 elle,
779 4627 954 4726 quitantur
971 4642 1088 4697 eontra
1102 4627 1242 4699 tannes
1262 4646 1296 4699 er
1312 4622 1537 4703 Florentinum
1562 4632 1721 4709 unionem
1741 4632 1851 4709 turbet
1864 4644 2037 4713 exeinnire
2065 4642 2172 4741 polle.

458 4744 562 4809 rioree
573 4727 728 4810 eumdem
741 4728 959 4829 puriarctuam
969 4730 1120 4827 primunt
1137 4722 1365 4830 (infiguratum,
1394 4756 1438 4809 ex
1452 4754 1521 4835 qno
1536 4723 1844 4839 Constantinopolin
1856 4745 1895 4831 in
1907 4740 2098 4818 Turenrum
2110 4763 2173 4845 poe

842 4860 852 4869 ·
1330 4910 1333 4921 .
1547 4854 1554 4865 ·
1978 4844 1982 4850 ’
2024 4844 2172 4931 milae·
